2574 4724
169 291 231 366 668
652 291 744 364 isal.

168 454 226 510 tale
243 453 483 521 fundamentum,
500 453 581 524 quod
598 468 655 507 nec
672 458 794 524 peccat,
810 465 868 507 nec
884 465 1011 525 peccare
1028 459 1150 525 potest,
1167 469 1230 509 nec

169 555 266 614 errat,
280 559 338 599 nec
355 558 453 599 errare
470 552 588 613 potesta
606 542 659 597 sed
677 542 739 596 hoc
757 552 802 597 eat
820 543 904 597 aolus
922 541 1071 616 Christus.

235 635 377 704 Secundo.
413 644 548 702 Ecclesia
566 657 612 703 est
629 664 679 703 res
700 649 730 705 in
746 647 853 722 Spiritu
871 659 900 704 et
915 657 1033 716 sancta,
1052 647 1135 704 sicut
1153 647 1228 705 dici.

168 749 253 794 mus:
276 737 368 799 credo
383 735 555 792 Ecclesiam
571 747 702 794 sancum
718 735 912 793 catholicam:
937 737 1017 811 quod
1035 748 1141 793 autem
1160 755 1228 794 cre.

167 825 263 893 ditur,
289 842 347 881 nec
371 826 466 882 videri
490 842 549 882 nec
574 826 677 882 sentiri
702 834 811 899 potest.
846 825 939 881 Hebr.
956 827 1026 882 XL:
1059 826 1162 884 Fides
1178 834 1227 884 est

167 930 279 973 rerum
295 931 361 973 non
378 915 615 991 apparentem.
649 913 814 991 Quomodo
832 932 905 986 ergo
925 924 1025 990 potest
1040 915 1158 973 Petrus
1176 927 1227 975 aut

166 1005 248 1081 Papa
261 1007 427 1064 Ecclesiam
440 1023 543 1079 regere
557 1017 605 1061 aut
616 1004 782 1061 sustentare
794 998 941 1079 unquam,
953 1021 1022 1061 cum
1033 1006 1224 1077 nesciant,¹)

167 1098 220 1171 qui
237 1097 296 1153 sint
312 1096 422 1165 sancti,
447 1107 478 1150 et
493 1099 644 1167 nunquam
659 1093 827 1149 Ecclesiam
845 1095 978 1164 videant,
1002 1095 1056 1151 sed
1075 1107 1225 1166 cogantur

166 1203 232 1243 eam
248 1188 389 1256 credere,
413 1185 489 1241 aient
505 1194 536 1241 et
552 1199 609 1239 noa
626 1186 755 1242 omnes?
789 1183 877 1240 Solus
898 1185 978 1240 enim
995 1184 1139 1242 Christos
1158 1202 1225 1242 eam

166 1278 262 1344 videt,
279 1279 329 1351 qui
345 1285 377 1331 et
393 1274 477 1331 solua
494 1291 560 1330 eam
576 1283 754 1345 congregat,
772 1283 871 1330 servat
888 1284 918 1329 et
935 1282 1094 1330 sustentat.

228 1382 344 1439 Tertio.
372 1381 454 1452 Papa
465 1379 513 1436 vel
527 1380 637 1436 Petrus
649 1397 710 1436 non
721 1390 850 1454 possunt
862 1379 931 1435 (lare
943 1376 1103 1435 Ecclesiae
1116 1379 1226 1450 iidem,

163 1471 340 1532 charitatem
355 1480 388 1526 ec
401 1470 515 1542 reliqna
532 1471 609 1526 ‹lona
625 1469 654 1526 8.
664 1469 712 1540 8.,
736 1487 794 1525 nec
819 1485 853 1523 ea
877 1471 1000 1526 auferre·
1016 1477 1064 1523 ant
1084 1481 1224 1540 mutare,

164 1574 214 1619 aut
238 1561 404 1618 secundum
428 1574 463 1616 ea
487 1561 566 1617 illam
590 1575 704 1630 regere.
737 1557 794 1615 Sed
810 1559 952 1616 Ecclesia
975 1559 1000 1615 si
1024 1575 1087 1614 non
1110 1562 1225 1632 regitur

163 1669 219 1728 per
235 1650 340 1722 iidem,
349 1650 532 1707 charitatem
548 1659 578 1706 et
595 1649 708 1722 reliqua
722 1649 799 1705 dona
811 1650 933 1721 Spiritus
945 1649 1057 1717 sancti,
1074 1659 1151 1706 tuuc
1163 1668 1223 1706 noa

162 1744 294 1814 regitur,
315 1750 415 1813 aequa
432 1750 480 1796 ast
496 1739 652 1808 Ecclesia,
675 1739 731 1796 sed
747 1754 896 1811 synagoga
912 1739 1043 1796 Satanae.
1078 1739 1223 1797 christae

163 1844 263 1889 autem
275 1829 358 1887 solus
371 1830 416 1886 sic
428 1829 501 1900 regit
511 1826 702 1896 Ecclesiam,
718 1843 791 1897 ergo
803 1825 940 1882 Christus
952 1827 1037 1884 solus
1050 1837 1098 1900 cat
1108 1840 1226 1898 rector,

162 1919 541 1996 pastor,‹iundameattum,
563 1915 706 1985 magister
720 1913 893 1983 Ecclesiae,
918 1915 993 1971 sicut
1016 1915 1088 1972 dicit
1107 1916 1223 1975 Matth.

160 2009 294 2069 xxiiim
313 2009 404 2065 Unus
415 2013 466 2065 est
481 2006 639 2080 mopistcr·
653 2011 768 2073 actem
782 2004 886 2079 quiin
902 2004 997 2060 coelis
1013 2011 1070 2076 est,
1087 2023 1145 2063 voa
1162 2025 1225 2063 aaa·

163 2107 225 2157 tem
233 2097 368 2171 fratres
384 2097 479 2152 estis:
495 2094 557 2151 hoc
575 2104 638 2162 est,
655 2109 712 2150 ros
729 2108 834 2149 omnes
846 2094 916 2149 estis
928 2110 1016 2166 pares
1028 2105 1056 2149 et
1067 2082 1237 2170 aequales,

164 2205 220 2262 ego
237 2189 322 2244 solua
337 2186 478 2256 magister
494 2194 525 2241 et
540 2184 689 2256 superior.

206 2301 208 2305 ’
229 2292 356 2370 Quarto.
390 2291 470 2347 Nam
490 2299 520 2345 at
543 2290 607 2362 ipse
624 2288 733 2346 Petras
750 2297 780 2345 et
796 2288 876 2362 Papa
895 2304 971 2362 opus
988 2288 1100 2346 habeat
1117 2291 1225 2347 lunda.

162 2397 284 2450 mento,
300 2383 460 2450 charitate,
477 2380 599 2454 spiritu,
625 2390 655 2434 et
671 2380 733 2434 aliis
750 2379 847 2436 donis.
881 2381 969 2436 Tunc
988 2381 1161 2454 quaeritur,
1186 2398 1225 2438 an

162 2474 240 2530 aliud
256 2468 496 2539 limitamentum,
514 2469 600 2524 aliam
616 2468 722 2531 fidem,
739 2467 824 2524 aliam
839 2469 1035 2540 charitatem,
1053 2470 1143 2526 alium
1161 2473 1225 2545 spi.

163 2566 255 2625 ritum
270 2563 415 2632 habeant,
433 2577 523 2635 quam
542 2560 651 2616 caeteri
669 2564 796 2618 omnes?
830 2561 858 2616 Si
874 2561 986 2618 habent
1001 2562 1124 2632 eadem,
1146 2580 1225 2637 ergo

151 2651 275 2710 'habent
292 2652 440 2725 aequalia,
464 2665 555 2722 quare
580 2667 641 2704 non
661 2660 787 2720 possunt
804 2650 833 2704 in
850 2648 898 2706 his
915 2650 1064 2707 Ecclesiia
1081 2653 1133 2707 ulli
1151 2669 1224 2710 esse

76 2725 82 2740 ’
163 2742 350 2815 inaequales,
371 2749 426 2794 ‘aut
442 2739 613 2811 superiores
627 2739 660 2792 in
676 2738 826 2794 Ecclesia.
861 2739 889 2793 Si
912 2752 1010 2795 autem
1028 2758 1087 2796 non
1108 2741 1224 2799 habent

54 2890 56 2895 ,
164 2832 270 2892 cadem
295 2831 368 2898 ista,
394 2845 466 2898 orgo
489 2841 551 2882 aon
576 2838 646 2881 sunt
670 2826 700 2881 in
725 2826 882 2896 Ecclesia,
907 2829 974 2900 quia
998 2845 1059 2885 non
1077 2840 1124 2886 est
1141 2832 1225 2888 aliud

164 2922 389 2979 mudamanuun
400 2915 570 2984 Ecclesiae,
587 2930 677 2986 quam
692 2930 784 2969 unum
800 2917 936 2986 generale
948 2918 1040 2974 totlua
1052 2917 1222 2990 Ecclesiae,

166 3013 313 3071 Christus.

230 3118 393 3194 Quaeritur
409 3129 498 3185 ergo,
523 3111 594 3186 quid
611 3120 681 3168 aaut
695 3108 776 3182 Papa
794 3120 824 3167 et
840 3110 1003 3229 Episcopi,
1029 3122 1061 3169 et
1077 3130 1154 3187 quae
1172 3127 1223 3173 eat

165 3209 286 3268 illorum
301 3215 434 3279 potestas
451 3205 480 3258 in
496 3201 655 3260 Ecclesia?

230 3313 409 3384 Respondet
418 3309 568 3367 Paulusl
575 3305 711 3362 Corinth
724 3304 791 3364 IV:
809 3306 1221 3384 Sicnnrexistimetleomo,

166 3411 202 3462 ut
217 3404 385 3459 ministros
397 3398 517 3456 Christi
528 3404 557 3451 et
568 3396 806 3467 dispensatores
816 3397 1047 3468 mysteriorum
1057 3399 1140 3455 Dei:
1155 3401 1221 3458 hoc

166 3504 229 3561 est,
246 3509 307 3547 non
323 3505 428 3545 sumus
445 3488 557 3544 Deus
549 3503 580 3540 m
596 3484 750 3552 Ecclesia,
765 3501 822 3539 nec
834 3497 936 3541 nostra
947 3490 1088 3558 mysteria
1099 3490 1221 3561 dispen.

165 3598 283 3650 samus,
308 3580 363 3635 sed
380 3577 460 3645 Dei,
484 3573 607 3632 ministri
624 3588 697 3628 vero
715 3588 838 3643 sumus,
863 3591 918 3645 per
941 3592 1070 3648 quorum
1093 3580 1220 3636 verbum

164 3675 246 3732 venit
263 3671 299 3725 ad
316 3667 484 3724 Ecclesiam
498 3663 676 3737 mysterium
690 3662 752 3718 Dei
762 3665 960 3736 :mysterium
977 3677 1075 3723 autem
1087 3668 1147 3724 Dei
1162 3686 1219 3725 vo.

166 3763 278 3820 catilla
295 3769 411 3816 secreta
427 3756 504 3825 Dei,
522 3771 598 3828 quae
615 3762 684 3808 sunt
699 3752 939 3826 tundamentum,
957 3743 1217 3832 chrismales,

166 3879 689 3913 -·-—---—-—-·

215 3966 237 4020 a)
263 3959 360 4009 aarll.
386 3956 516 4010 ructuat.
