2574 4724
210 332 272 402 26⁰
294 348 297 355 '
688 342 777 408 1522.

209 492 294 553 tator
310 492 442 564 tutatur.
477 493 598 557 mittant
619 493 652 563 it
676 510 725 556 uu.
739 500 787 556 tat
807 496 881 558 stein
904 494 1052 557 telettum
1076 492 1102 560 it
1124 490 1206 559 talto
1223 491 1257 561 ie

207 584 257 641 lot
272 582 312 650 aa
330 583 469 650 ittotiitm
487 586 580 643 molitu
597 584 767 652 tltttoattt
779 586 870 651 balta.
904 587 955 642 sio
971 595 1078 659 posset
1094 585 1156 641 dici
1168 587 1257 656 juxta

207 687 314 726 eorum
330 672 481 730 stultitiam
497 677 663 730 secundum
679 677 893 747 Hieronymum
910 676 1057 730 dicentem
1075 674 1152 741 (ad)
1174 674 1256 731 Mat.

206 759 284 814 thasi
295 762 411 830 XXIII,
424 764 501 831 (35):
530 764 618 832 „Hoc
635 765 672 819 de
689 765 853 835 Scripturis
865 764 1050 819 autoritatem
1067 780 1129 818 non
1147 762 1255 831 habet,

206 848 273 904 ideo
295 868 329 905 ea
351 853 486 907 facilitate
506 853 720 921 contemnitur,
745 853 1006 926 qua-probatur:”
1034 852 1104 924 quia
1128 851 1256 918 sufficit,

205 940 286 1012 quod
300 957 364 997 oon
379 942 487 997 habeat
499 943 680 998 autoritatem
693 944 909 1015 Scripturarum
920 943 948 996 in
961 941 1162 1010 continuum,
1180 956 1252 1011 ergo

205 1039 250 1084 est
262 1031 461 1085 asserendum.
496 1031 586 1104 Quid,
600 1032 740 1097 obsecro,
752 1042 820 1086 tunc
834 1049 894 1086 non
905 1040 1005 1103 potest
1017 1031 1123 1098 asseri,
1135 1031 1253 1101 quando

202 1117 264 1174 hoc
283 1120 353 1175 satis
379 1130 424 1174 est
446 1119 546 1174 dicere
571 1121 598 1173 in
618 1119 689 1174 -lidei
713 1120 857 1175 articulis:
883 1137 943 1174 non
969 1130 1016 1175 est
1038 1120 1068 1174 in
1091 1119 1255 1191 Scriptoris

204 1209 376 1281 oppositum
392 1208 562 1279 exemplum
578 1199 805 1280 particulariter,
823 1224 893 1269 etun
904 1208 1055 1263 Dominus
1067 1209 1142 1265 velit
1153 1207 1253 1263 omnia

152 1296 154 1301 ’
203 1311 287 1352 certo
304 1313 360 1352 suo
376 1296 470 1352 verbo
486 1296 595 1352 'firmari
617 1299 724 1364 nobis,
749 1309 778 1354 at
794 1299 857 1354 sine
880 1299 974 1356 verbo
997 1314 1053 1354 suo
1070 1297 1172 1354 nihil?
1207 1296 1252 1353 Ad

201 1401 302 1443 mores
319 1386 458 1457 politicos
475 1386 551 1441 bene
568 1387 726 1442 admittitur
740 1387 795 1442 ista
812 1387 904 1453 ratio,
920 1388 972 1441 sed
984 1404 1045 1442 non
1057 1387 1093 1440 ad
1105 1386 1250 1442 articulos

201 1475 280 1531 fidei.
313 1476 362 1530 Sic
377 1475 452 1530 bena
470 1476 565 1530 fertur
581 1477 715 1531 Caesaris
732 1477 828 1531 nostri
853 1486 882 1531 et
898 1477 1073 1548 Principum
1098 1476 1249 1548 potentia,

203 1565 289 1620 ctiam
304 1566 330 1621 si
347 1565 493 1636 Scriptura
511 1566 546 1620 de
564 1566 629 1636 ipso
647 1575 676 1620 et
692 1566 778 1622 nobis
796 1566 870 1620 nihii
887 1567 972 1621 dicat.
1005 1565 1078 1621 Non
1094 1566 1140 1621 sic
1155 1566 1190 1622 ia
1207 1582 1250 1620 ar.

201 1656 298 1710 ticulis
318 1655 400 1724 fidei,
416 1655 467 1709 ubi
485 1654 650 1710 affinnativa
667 1656 816 1726 probanda
829 1665 893 1723 est,
908 1666 941 1710 ut
951 1671 1049 1727 neque
1063 1656 1099 1710 ad
1112 1656 1249 1710 dextram

200 1762 298 1817 neque
314 1742 349 1798 od
364 1744 513 1800 sinistram
529 1745 701 1800 declinetur.
735 1746 853 1800 Summa
861 1785 871 1814 ,
887 1745 931 1799 sic
949 1760 1054 1800 omnes
1071 1745 1181 1800 fratres
1192 1746 1251 1799 tra.

200 1843 261 1889 stra
277 1834 465 1901 docuissent,
487 1834 604 1904 quando
623 1835 720 1888 omnia
737 1849 790 1904 per
806 1835 966 1904 scripturas
988 1834 1156 1890 noluissent
1179 1850 1249 1905 pro-

198 1922 274 1979 bari.
315 1922 395 1978 Sicut
421 1922 602 1992 Augustinus
630 1923 700 1976 dicit
725 1923 760 1976 ad
784 1922 999 1993 Hieronymum
1025 1921 1126 1994 Epist.
1154 1922 1248 1979 vute

199 2014 297 2082 „Solis
314 2013 358 2068 cis
374 2012 473 2078 libris,
489 2013 539 2083 qui
557 2012 691 2066 canonici
709 2013 906 2083 appellantur,
928 2011 1010 2067 hunc
1026 2012 1181 2069 honorem
1197 2012 1246 2068 tri·

199 2102 277 2170 buo,
297 2112 329 2156 ut
345 2102 458 2156 nullum
476 2102 651 2172 scriptorem
668 2115 771 2154 eorum
789 2114 905 2155 errasse
921 2100 1088 2155 firmissime
1106 2101 1248 2157 credam:

199 2203 334 2247 caeteros
351 2207 424 2246 vero
440 2207 502 2245 non
518 2193 557 2244 ita
570 2191 655 2260 lego,
681 2190 860 2262 quantalibet
877 2191 1010 2245 doctrina
1027 2191 1076 2245 vel
1092 2191 1248 2246 sanctitate

198 2281 412 2356 praepolleant,
437 2292 470 2336 ut
486 2279 553 2333 ideo
570 2295 675 2334 veram
692 2293 758 2334 esse
775 2279 913 2347 credam,
938 2280 1006 2352 quia
1022 2280 1067 2336 sic
1086 2279 1127 2335 illi
1145 2295 1249 2337 sense·

199 2384 284 2438 runt,
302 2370 353 2424 sed
371 2372 395 2424 si
412 2370 485 2424 mihi
501 2387 556 2442 per
572 2370 753 2440 Scripturas,
773 2380 821 2423 aut
838 2370 982 2440 probabili
1001 2370 1112 2424 ratione
1125 2386 1248 2442 persua.

200 2461 261 2514 deri
279 2461 477 2531 potuerunt,”
496 2468 552 2512 eto.
585 2457 670 2525 lmo,
686 2457 817 2511 dicerent
833 2458 1012 2514 Minoritae:
1036 2460 1143 2514 credes
1161 2459 1246 2528 ideo,

200 2550 266 2622 quia
283 2565 344 2604 non
359 2548 484 2619 probant
494 2548 547 2602 tibi
562 2564 615 2618 per
626 2547 788 2618 Scripturas
802 2557 850 2602 aut
862 2548 1005 2604 rationes:
1022 2548 1148 2618 sufficit,
1166 2549 1248 2622 quod

199 2657 262 2696 non
278 2638 388 2693 habent
403 2655 499 2709 neque
515 2655 570 2709 pro
587 2654 684 2708 neque
701 2647 813 2691 contra.
832 2635 859 2704 ⁸)
894 2637 975 2712 Quid
992 2649 1078 2709 putas
1098 2648 1169 2695 tunc
1185 2642 1248 2695 Ata.

199 2730 350 2801 guatinum
367 2730 600 2798 responsurum?
635 2727 769 2793 Summa,
787 2743 860 2793 urge
877 2744 931 2782 eos
948 2745 1001 2798 per
1017 2728 1095 2785 hoc:
1111 2731 1249 2799 negativa

199 2837 261 2877 non
278 2819 435 2889 probatur,
454 2817 620 2871 affirmativa
639 2816 725 2870 debet
743 2816 880 2887 probari,
899 2828 928 2871 et
943 2819 1060 2889 postula
1072 2821 1247 2890 Scripturas,

199 2925 274 2982 quas
289 2907 419 2962 noodutu
437 2906 638 2970 adduxerunt,
661 2914 711 2959 aut
735 2921 787 2960 eos
805 2906 925 2974 damna,
952 2907 1032 2961 sicut
1049 2909 1182 2979 coepisti
1196 2927 1250 2982 per

200 3001 286 3059 ulad:
304 2997 379 3052 nihil
397 3006 440 3050 est
454 2996 649 3049 asserendum
666 3004 724 3048 etc.

265 3089 312 3144 Ad
330 3086 496 3143 secundum
511 3084 591 3155 quod
607 3083 747 3140 Ecclesia
765 3082 803 3138 sit
820 3083 977 3150 audienda,
993 3083 1030 3140 de
1047 3085 1108 3141 hoc
1125 3105 1189 3163 nou
1205 3098 1250 3144 est

200 3179 352 3252 quaestio:
380 3175 432 3231 sed
448 3191 485 3230 an
502 3175 549 3229 illa
564 3174 604 3227 sit
619 3172 772 3238 Ecclesia,
789 3190 876 3243 quam
894 3174 934 3228 illi
951 3186 1059 3231 vocant
1075 3175 1247 3251 Episcopos

199 3281 231 3324 et
247 3269 368 3325 Patresz
388 3266 450 3320 hoc
467 3281 542 3333 nega
558 3272 588 3318 et
604 3263 690 3331 exige
707 3260 923 3332 probationem.

265 3357 405 3413 Ecclesia
422 3365 469 3410 est
486 3353 584 3408 solum
601 3353 665 3420 illa,
683 3369 758 3423 quac
775 3352 901 3407 verbum
916 3353 978 3407 Dei
994 3352 1084 3409 habet
1101 3365 1133 3412 et
1144 3358 1243 3426 docet,

202 3457 231 3504 et
246 3448 319 3501 nihil
337 3447 424 3500 addit.
457 3444 546 3499 Joan.
563 3443 606 3497 X:
642 3442 720 3496 Oves
742 3457 829 3494 meae
851 3458 953 3526 vocem
975 3460 1079 3498 meam
1093 3448 1243 3514 audium,

199 3538 341 3595 alienum
367 3543 472 3590 autem
495 3549 560 3588 non
588 3531 741 3599 aradium,
769 3531 826 3586 sed
844 3530 984 3606 sapiunt
1010 3531 1051 3588 ob
1080 3552 1127 3595 eo.
1167 3537 1243 3595 Haec

248 3790 272 3840 *t
289 3783 400 3834 tostos
414 3781 570 3838 auerterunt
584 3787 628 3827 toa
641 3780 692 3827 lma
706 3789 751 3830 otti
773 3780 799 3831 tt
812 3753 892 3834 fotid:
910 3780 953 3833 ,na
965 3781 1001 3841 ott
1015 3781 1153 3830 mittantur
1164 3783 1240 3837 natta

201 3861 344 3913 trictionem
362 3856 413 3903 aas
431 3854 459 3906 tit
475 3854 566 3900 mattea.
589 3852 696 3902 micabat
714 3852 817 3900 ttntttotit
837 3853 938 3902 (unitor
951 3862 981 3900 ott
995 3853 1053 3908 Et.)
1072 3852 1130 3907 tali
1148 3856 1202 3903 mett
1215 3853 1240 3904 it

200 3933 251 3982 tuto
265 3932 330 3983 tura
341 3930 398 3984 <aaa
411 3928 483 3973 toron
496 3926 539 3972 out
553 3927 591 3972 tet
603 3922 707 3976 &otilo
728 3924 781 3974 noo
801 3923 846 3969 tait
859 3923 970 3974 nuttam
989 3925 1113 3979 retortum
1131 3928 1156 3975 tt
1173 3936 1239 3984 anat

198 4006 263 4060 itata
276 4001 319 4057 tat
331 4001 361 4056 itt
371 4009 415 4057 ott
427 3998 501 4052 atati
512 3999 586 4049 uetes
599 4005 641 4047 tot
654 3995 693 4050 to
706 3997 759 4048 ato
772 3997 844 4055 uitet
856 3997 907 4048 tao
919 3998 1031 4052 tantm
1044 3999 1142 4060 taam,
1164 4020 1173 4037 .
