2574 4724
535 311 637 383 urs·
1004 263 1010 291 '
1043 302 1126 376 sir·

89 474 135 534 ea.
155 468 301 540 destas.
668 521 671 526 .
749 477 753 486 ·
854 464 905 524 Ns.
923 462 1073 523 θεων.

438 618 723 697 stercutius

115 776 177 829 stad
189 778 379 833 strumentus
392 776 482 832 notite
493 775 637 833 incentore
649 776 741 831 senis
754 772 1045 829 nossess'neuutuea
1095 837 1097 844 Ι

58 1051 109 1105 uiso
127 1050 292 1099 Aurifsber
309 1051 338 1098 n.
356 1053 403 1101 2⁶9.
418 1051 440 1099 b.
466 1053 602 1172 mugiit.
616 1053 670 1099 Jen.
684 1063 719 1107 ις
737 1051 755 1096 s.
768 1051 814 1099 ¹⁹9.
838 1047 937 1103 Μίῐώ
952 1049 995 1102 Μ»
1012 1044 1107 1098 wald

579 1127 646 1176 ,Μ

59 1259 203 1360 Gratiam
227 1313 256 1361 et
280 1322 384 1377 pacem
410 1308 439 1363 in
460 1307 605 1364 Domino.
639 1306 724 1364 Nihil
747 1305 886 1378 respondi
909 1321 966 1361 nec
982 1320 1107 1376 respons

58 1394 135 1452 deho
160 1396 257 1452 Sucro
284 1397 344 1465 illi,
369 1398 410 1453 sni
434 1397 588 1470 Spalatine.
623 1399 749 1455 Creosse
771 1399 873 1453 Deum
897 1396 976 1454 Gen.
1003 1395 1027 1451 1.
1049 1409 1108 1452 sex
1153 1452 1155 1457 .
1200 1409 1203 1415 ·
1231 1373 1236 1380 ’

55 1484 162 1540 diebus
180 1486 325 1542 distinctis
342 1487 459 1542 coelum
477 1498 507 1543 et
527 1499 654 1556 terram,
679 1499 712 1541 ut
735 1498 834 1543 textus
858 1488 921 1556 ipse
947 1496 1053 1553 sonat,
1077 1495 1108 1540 et

57 1573 144 1628 docui
162 1583 192 1629 ct
208 1576 309 1642 sensi,
333 1587 513 1648 exstantque
537 1586 679 1648 excerpta
703 1576 869 1646 aliquomm
894 1591 933 1630 ex
957 1592 1009 1630 ore
1026 1591 1107 1629 mec.

54 1661 172 1720 Deinde
196 1675 368 1737 serpentem
397 1667 489 1720 fuisse
514 1682 586 1720 vere
612 1675 799 1736 serpentem,
827 1679 880 1735 per
906 1681 995 1735 quem
1021 1664 1108 1717 Satan

56 1754 175 1808 locutus
193 1765 254 1823 est,
276 1770 350 1809 usus
369 1771 406 1808 eo
423 1753 506 1809 velut
522 1770 644 1824 organo.
678 1754 758 1809 Nam
774 1770 835 1808 non
853 1763 898 1808 est
914 1751 1044 1807 iacienda
1058 1752 1107 1807 vis

56 1844 157 1898 verbis
175 1843 288 1914 apertis¹
301 1843 388 1898 Mosi
406 1844 469 1899 sine
487 1844 588 1898 causa.
622 1842 762 1900 Rebecca
773 1842 885 1913 absque
897 1841 1005 1908 dubio,
1022 1857 1106 1895 mors

58 1933 110 1987 illo
127 1932 245 2003 prisco,
267 1933 416 1987 consuluit
432 1928 599 1989 Dominum
617 1934 646 1988 iu
664 1949 782 1988 summo
800 1931 959 1987 Sacerdote
974 1932 1042 1985 Sem
1058 1932 1107 1986 vel

58 2037 120 2076 uno
138 2032 252 2094 patrum
267 2021 293 2090 ¹)
311 2023 389 2079 illius
404 2024 565 2094 temporis,
591 2024 641 2096 qui
659 2025 752 2099 sacris
769 2023 912 2102 praefuit,
935 2021 984 2093 qui
1005 2021 1108 2092 spiritu

58 2111 138 2184 pleni
155 2112 281 2167 suerunt.
315 2113 397 2168 Sicut
422 2125 451 2168 et
475 2114 514 2166 ad.
528 2114 599 2168 Cain
615 2113 765 2169 Dominus
782 2114 899 2169 locutus
916 2122 963 2167 est
985 2127 1040 2184 per
1062 2124 1107 2167 ους

58 2201 229 2271 certiorem,
247 2202 297 2274 qui
313 2202 506 2259 offerentibus
524 2202 665 2275 praefuit,
688 2220 794 2274 nempe
811 2220 866 2274 per
883 2203 1130 2273 Adompatrem·

60 2307 165 2360 suum,
190 2290 343 2363 quomodo
367 2292 505 2347 Christus
529 2291 639 2347 Matth.
657 2291 741 2347 x1x.
764 2291 834 2346 dicit
854 2291 955 2346 Deum
980 2292 1106 2349 dixisse:

58 2382 171 2436 Erunt
183 2398 249 2435 una
260 2398 354 2450 carn,
371 2394 553 2437 cunctamen
570 2382 665 2436 Adam
681 2380 742 2435 hoc
760 2379 867 2435 dixerit
883 2379 962 2435 Gen.
973 2379 1014 2435 11.
1026 2377 1106 2437 ,Mos

57 2473 106 2526 ille
124 2482 229 2543 postca
246 2472 302 2527 sub
320 2472 412 2527 Mose
438 2472 595 2526 transistus
619 2480 667 2526 est
688 2470 717 2526 in
742 2469 977 2543 propitiatorium
993 2478 1022 2524 et
1038 2487 1108 2540 pro.

57 2561 166 2632 phetas
189 2571 218 2616 et
238 2562 410 2616 sacerdotes
434 2561 553 2634 publice
576 2561 743 2630 institutos,
768 2560 846 2615 unde
866 2559 984 2629 Eloim,
1008 2560 1036 2615 id
1060 2569 1108 2632 est

58 2650 116 2716 dii,
133 2659 292 2718 vocanurr,
311 2650 392 2721 quod
409 2650 535 2706 verbum
548 2649 609 2705 Dei
627 2650 834 2721 respondeant.
869 2648 905 2724 ln
916 2634 1107 2720 nov'oaute'm
1157 2717 1161 2724 Ι

59 2739 259 2796 Testamento
276 2739 399 2813 quildaet
416 2740 594 2796 christianus
613 2739 678 2796 tulis
695 2749 749 2795 est.

120 2884 214 2943 Mitto
232 2886 329 2943 literas
347 2903 387 2944 ex
402 2887 523 2943 Austris
540 2888 574 2942 ad
590 2888 742 2943 medates.
774 2886 952 2943 Joachimns
965 2886 991 2954 ¹⁵)
1005 2896 1108 2943 noster

56 2976 177 3046 scribit,
205 2975 399 3033 Carlstadium
425 2978 612 3045 concessisse
639 2977 849 3047 Nordiingam:
878 2978 967 3044 item,
991 2977 1131 3050 Babem.

56 3066 165 3136 bergas
181 3075 282 3121 nutum
301 3080 367 3121 esse
383 3082 508 3138 puerum
526 3066 622 3138 cupite
638 3066 756 3123 leonino
772 3081 845 3121 mox
858 3075 1024 3120 mortuum:
1040 3081 1106 3119 cru.

58 3172 111 3211 ces
129 3173 251 3231 quoque
272 3172 360 3230 supra
384 3156 488 3210 urbem
513 3155 688 3226 quibusdum
712 3155 899 3231 apparuisse,
923 3155 975 3208 sed
1000 3155 1107 3212 famum

59 3262 233 3317 oppressam
245 3262 261 3300 a
273 3244 491 3301 sacerdotibus.
517 3244 589 3299 Vale
602 3254 631 3299 et
643 3262 695 3300 ors
711 3262 766 3319 pro
783 3261 842 3301 me.
869 3232 1108 3329 Witcmbcrgaje,
1135 3276 1139 3286 ·

58 3334 221 3392 Dominica
236 3345 305 3410 post
320 3333 460 3402 Antonii,
479 3332 645 3391 MDXXV.

692 3490 695 3495 .
782 3438 931 3494 Martinus
948 3399 1083 3496 Luther,
1144 3504 1146 3508 ¹

106 3748 128 3796 1)
145 3745 241 3792 Auris,
256 3728 355 3804 patriis

105 3985 130 4038 ⁶)
144 3983 311 4036 canendus.-
412 3939 415 3945 Δ
