2574 4724
186 316 247 389 at
452 373 455 379 ,
615 280 753 391 asoa.

186 497 275 555 quam
294 480 398 537 dextre
415 489 444 536 et
462 480 588 536 feliciter
603 482 760 537 tractanda.
781 478 877 536 ‘Facit
894 477 1014 552 quidem
1026 478 1239 551 sapientialin.
1268 481 1273 490 '

185 590 257 642 guas
276 572 428 629 infamium
447 572 589 639 disertas,
607 573 660 627 sed
673 573 784 626 donum
796 572 910 640 linguae
923 587 982 623 non
994 572 1057 624 vuit
1072 572 1236 642 contemni.

186 663 288 738 Quare
306 672 381 716 etto
399 680 471 728 oro,
494 671 524 716 ut
540 672 570 716 et
585 677 655 717 meo
673 662 715 727 (si
734 662 805 733 quid
821 662 917 726 valet)
935 671 1056 731 precatu
1073 676 1141 730 agae
1158 660 1236 732 apud

185 766 313 808 vestram
325 752 528 822 juventutem,
551 762 583 806 ut
600 761 718 808 strenue
735 763 764 807 ot
781 759 940 822 poetentur
956 760 985 804 et
1002 750 1234 805 rhetoricentur.

184 842 266 899 Vivit
283 844 439 910 Christus,
462 861 518 912 ego
542 843 659 915 saepius
683 843 817 911 indignor
839 842 911 896 mihi
932 841 1037 908 etiam,
1061 842 1118 895 hac
1140 851 1235 896 aetate

185 942 216 988 et
232 933 280 988 hia
296 933 432 988 moribus
450 949 509 986 non
527 932 655 1002 permitti
672 942 788 1000 tempus
805 930 960 1001 aliquando
983 937 1087 1001 poetas
1111 939 1142 984 et
1166 930 1234 985 the.

185 1032 267 1079 toras
284 1023 435 1078 versandi:
459 1023 623 1078 Homerum
646 1021 719 1076 mihi
744 1036 888 1089 emeram,
912 1031 945 1074 ut
962 1020 1099 1090 Graecus
1119 1020 1234 1075 fierem

186 1113 338 1182 sedeatis,
356 1122 388 1167 te
399 1113 448 1166 his
461 1111 546 1179 nugis
563 1126 631 1166 esse
642 1111 849 1166 molestatum:
867 1120 900 1164 tu
911 1110 947 1164 de
956 1109 1094 1164 Luthero
1105 1109 1157 1165 tibi
1169 1127 1235 1181 per.

184 1203 277 1257 ettade
295 1201 321 1256 id
344 1202 447 1273 plane,
471 1199 553 1271 quod
577 1199 614 1253 ‹le
638 1207 687 1253 tua
710 1200 831 1268 Captiva
855 1199 1034 1270 persuadere
1055 1200 1174 1270 poesie,
1199 1215 1233 1252 ao

185 1291 296 1361 optime
314 1292 378 1344 vale
403 1292 431 1343 in
448 1289 571 1344 Christo
593 1288 696 1355 sortis,
719 1290 828 1342 Amen.
860 1288 921 1343 Die
943 1288 1132 1356 Fumarium,
1157 1304 1232 1344 anno

184 1378 367 1459 Moxxm,

266 1506 268 1511 .
874 1464 1023 1522 Martinus
1040 1465 1201 1524 Lutherue.

208 1754 272 1903 'uu
290 1799 386 1873 tillet
404 1801 482 1861 olet
498 1799 607 1869 uitii.
894 1799 946 1856 N0.
965 1799 1201 1858 ccochxnl.

565 1951 613 2020 un
634 1949 847 2030 &eulatia

233 2109 257 2157 8.
272 2108 350 2162 belant
363 2109 407 2157 out
417 2107 452 2155 tte
465 2108 602 2164 uallatum
616 2107 893 2163 manutenementum
906 2108 932 2154 tn
940 2105 1103 2160 mitteantur
1116 2107 1170 2154 etet
1178 2115 1233 2154 nea

186 2183 375 2237 (numentanam
389 2181 508 2234 attinent
521 2183 556 2232 tte
570 2185 619 2230 tem
632 2184 790 2237 &metuunt
802 2180 892 2237 siniit
905 2180 965 2234 lauti
978 2182 1047 2234 tabeo
1060 2180 1176 2233 autentu.

221 2415 548 2468 &nurmandiam
573 2417 911 2474 utet.cod.sen.a.;t.ttu
935 2413 1198 2468 Sbtutltbbtulilluldt
1227 2485 1231 2492 Ι

575 2493 577 2496 ⁴
645 2491 768 2541 moli.

185 2625 299 2725 Gratia
318 2681 346 2727 et
364 2688 430 2742 pax.
465 2672 575 2727 Iterum
594 2673 711 2742 scribo,
728 2674 769 2728 mi
787 2673 950 2747 spaniae,
966 2680 1064 2727 motus
1082 2680 1111 2726 et
1124 2687 1193 2727 mea
1207 2681 1239 2728 et

184 2761 448 2817 aliorum'ratione.
482 2762 575 2817 Nunc
593 2763 672 2817 enim
688 2775 806 2835 tempus
824 2772 868 2818 est
885 2764 1038 2819 Bethaven
1056 2764 1141 2818 istam
1158 2764 1240 2818 infit:

183 2852 297 2928 mandi,
323 2869 398 2924 quae
423 2853 567 2908 haetenus
595 2870 701 2923 magno
726 2855 863 2909 scandalo
887 2855 1006 2908 tolerata
1030 2863 1075 2907 est
1091 2853 1237 2909 adversus

183 2949 294 2996 tantam
313 2942 469 3013 puritatem
485 2941 568 2996 verbi
583 2943 669 2997 nobis
682 2953 711 2997 et
724 2944 810 2998 coelo
825 2945 891 2998 dati.
925 2943 1097 2998 Tentandus
1111 2943 1238 3015 amplius

183 3031 271 3088 Deus
288 3050 348 3086 non
366 3042 429 3100 est,
448 3031 533 3101 igitur
550 3034 673 3103 adjuva,
691 3033 813 3088 sicutte
831 3035 906 3088 velle
926 3034 990 3088 scio
1009 3043 1038 3087 et
1048 3034 1127 3087 sicut
1138 3041 1236 3104 poteo.

184 3122 213 3176 si
232 3120 303 3177 nihil
321 3121 397 3176 aliud
417 3120 477 3176 fieri
497 3132 612 3192 potest,
630 3134 662 3176 ut
679 3123 782 3199 saltem
801 3125 873 3177 tales
891 3124 943 3176 viri
962 3122 1163 3189 instituantur,
1183 3123 1235 3194 qui

184 3222 374 3267 contemnant
392 3212 459 3266 istas
477 3211 723 3267 abominationes:
742 3222 802 3263 tum
816 3213 933 3265 demum
946 3229 1015 3283 spes
1029 3212 1101 3279 erit,
1119 3223 1151 3265 ut
1166 3211 1233 3264 abs.

184 3319 243 3374 que
269 3302 406 3381 Principe
434 3302 509 3357 inter
533 3317 599 3357 sese
623 3303 796 3356 laudabilem
822 3302 910 3366 ritum
933 3302 1073 3373 psallendi
1101 3320 1138 3356 eo
1159 3303 1236 3357 'loco

183 3394 297 3463 erigant
315 3395 455 3465 exemplo
475 3393 609 3448 Corinth.
623 3393 701 3448 xlv,
736 3392 827 3466 Quod
845 3393 869 3447 si
888 3411 944 3446 nec
962 3393 1022 3448 hoe
1040 3393 1102 3448 lieri
1119 3404 1235 3465 potest,

186 3494 321 3539 sanctum
340 3494 385 3538 est
402 3484 517 3538 differre
535 3483 728 3538 instituendos
747 3483 844 3552 potius
853 3489 968 3553 ‚quam
986 3485 1084 3545 denuo
1098 3484 1235 3538 sacerdo.

185 3583 231 3639 tes
255 3573 420 3627 Jeroboam
449 3572 637 3628 resuscitare.
671 3572 812 3626 Dandum
839 3582 885 3625 est
909 3572 971 3626 hoc
994 3573 1102 3641 gloriae
1131 3573 1235 3640 verbi,

93 3704 97 3717 .
186 3665 267 3736 quod
284 3663 359 3733 apud
375 3679 431 3718 noe
449 3674 513 3731 est,
532 3663 611 3717 sicut
628 3672 660 3717 tu
678 3663 737 3734 ipse
756 3662 853 3715 omnia
871 3663 975 3716 melius
993 3671 1022 3716 et
1038 3663 1119 3718 nosti
1136 3674 1165 3717 et
1183 3681 1236 3736 op.

186 3765 241 3810 tas.
275 3753 346 3810 Vale
364 3755 391 3809 in
407 3754 553 3834 Domino.
587 3751 775 3808 MDXXIII.

867 3848 1016 3905 Martinus
1035 3845 1203 3906 Lutherus.
