2574 4724
432 292 440 301 ’
538 320 629 386 ism
1018 294 1027 310 ”
1048 314 1108 387 ιιι

13 510 18 548 ,
60 484 167 533 noster
183 475 379 549 Sulphnrlius,
396 478 572 536 Bremensis
589 477 782 549 evangelista„
794 494 856 534 non
872 479 932 532 tino
950 476 1036 545 igne,
1051 477 1110 529 ne'o

13 603 18 642 t
61 582 123 621 uno
146 583 252 637 genere
277 570 382 626 mortis
406 587 461 640 per
476 569 838 626 Dietbmarianasssbestias
863 567 994 621 occisus.
1028 562 1110 638 Quid

13 696 18 728 ,
60 661 118 711 uos
136 668 271 726 maneat,
296 660 384 714 Deus
407 661 509 726 novit,
532 659 557 715 si
580 669 678 714 tamen
700 657 777 728 digni
800 657 959 723 merimus,
985 665 1017 708 ut
1033 653 1109 708 sooii

13 788 17 823 ,
60 745 178 800 illorum
196 747 261 802 laeti
284 757 316 801 et
339 748 394 819 ipsi
411 749 555 819 patiamur
572 748 764 802 contumelias
790 746 829 801 ob
846 762 955 801 nomen
973 743 1107 798 Domini.

13 878 18 910 Ι
60 831 154 903 Νοιι,
173 837 309 908 inquam,
327 836 399 892 huic
412 838 550 909 periculo
566 850 595 892 te
612 853 764 908 exponere
780 851 847 890 sum
858 835 986 902 veritus,
1005 833 1110 887 certisss

12 966 19 1003 ¹
60 925 135 978 sime
147 941 323 997 persuasus,
342 928 423 999 quod
444 928 489 995 is,
507 927 557 999 qui
570 939 599 982 te
611 927 769 982 honoravit
780 924 873 980 verbo
886 925 1003 991 cmcis,
1020 921 1110 976 simul

12 1060 17 1094 ἕ
59 1014 212 1069 roborabit
228 1027 258 1070 et
275 1017 379 1087 spiritu
396 1016 518 1083 crucis,
543 1015 794 1087 triumphabitque
813 1014 946 1068 incarne
965 1024 1028 1080 tus,
1048 1026 1110 1065 non

12 1148 17 1183 ι
59 1104 151 1159 modo
178 1104 374 1176 blasphemias
400 1105 526 1165 nominis
553 1115 581 1160 et
606 1105 672 1160 odia
691 1114 728 1159 ‘et
751 1105 868 1159 furores
892 1101 1055 1173 potentium
1080 1099 1110 1154 in

12 1239 16 1275 Ι
58 1195 189 1262 mundo,
207 1195 260 1249 sed
277 1195 364 1249 etiarn
376 1195 454 1250 vires
471 1207 500 1249 et
511 1194 681 1248 violentiam
698 1194 738 1260 (si
756 1209 833 1265 opus
849 1193 936 1246 fuerit
954 1207 1003 1245 eas
1016 1191 1108 1254 serre)

12 1328 19 1364 ι
59 1283 181 1338 Satanae
198 1299 268 1338 cum
289 1294 356 1339 toto
372 1301 427 1361 suo
449 1296 551 1354 regno.
585 1284 701 1338 Scimus
725 1284 822 1352 enim,
848 1282 929 1355 quod
947 1281 1042 1350 rnajor
1064 1287 1111 1334 est

12 1380 20 1452 ἰ·
57 1370 100 1440 is,
118 1372 167 1443 qui
185 1373 214 1426 in
231 1372 318 1430 nobil
336 1385 397 1442 est,
416 1390 504 1446 quam
520 1375 564 1443 is,
582 1374 632 1446 qui
650 1374 679 1428 in
696 1374 806 1428 mundo
824 1384 879 1428 est.

14 1504 18 1513 .
100 1462 172 1517 nd
188 1461 282 1525 haec,
307 1473 341 1517 ut
356 1464 446 1532 gratia
468 1474 498 1518 et
514 1464 625 1519 donum
649 1463 710 1518 hoe
727 1463 787 1518 Dei
811 1461 985 1518 cumulatius
1010 1468 1109 1525 esset,

59 1548 166 1604 addidit
193 1545 363 1620 Dominus,
394 1562 425 1607 et
448 1553 562 1607 curavit
584 1552 762 1620 benignitate
779 1567 851 1611 auu.
879 1562 911 1605 ut
935 1550 1109 1620 Principem

59 1649 155 1693 terrae
173 1639 299 1712 haberes
317 1641 478 1710 Evangelio
496 1641 763 1707 studiosissimum,
789 1639 914 1694 beroem
931 1640 1012 1694 illum
1029 1639 1110 1692 incli.

58 1738 122 1784 tum
142 1730 334 1784 Adelbertum
352 1745 390 1783 ex
414 1727 645 1784 Marohionibus
662 1727 1014 1804 andeuburgensibus,
1042 1726 1110 1780 Ma.

13 1870 16 1875 .
58 1818 183 1887 gistrum
200 1833 338 1887 magnum
358 1817 516 1886 Prussiae,
543 1817 591 1872 oui
611 1818 751 1873 donatum
783 1827 828 1872 est
855 1817 961 1871 eodem
987 1817 1109 1887 spiritu,

59 1908 247 1976 ut'oogitet,
275 1924 350 1980 quae
366 1906 505 1978 Principe
529 1909 614 1978 digna
642 1918 730 1976 sunt,
761 1916 792 1961 ιιι
819 1907 921 1961 verbis
946 1906 1108 1978 prophetae

11 2070 15 2075 ‚
59 2006 137 2052 utar.
173 1998 216 2053 lta
236 1998 284 2064 lit,
306 1996 340 2053 ut
358 1998 512 2069 utriusque
531 2007 665 2053 vestrum
682 1997 829 2070 praesidio
846 1997 1108 2063 christianissimo,

60 2087 189 2161 populus
207 2088 368 2157 Prusslae,
391 2088 441 2160 qui
461 2090 536 2143 sorte
551 2105 701 2160 nunquam
716 2088 896 2158 Euangeliou
914 2087 1033 2153 habuit,
1053 2086 1109 2141 nisi

10 2244 16 2253 .
60 2189 200 2249 opertum
220 2177 269 2231 vel
293 2177 501 2244 adulteratum,
529 2193 609 2231 nuno
630 2179 687 2232 late
706 2194 833 2232 currens
859 2187 889 2231 et
913 2175 1109 2241 fructificans,

60 2267 159 2321 audiat
175 2266 365 2338 purissimum
378 2264 414 2322 ¹et
435 2267 649 2336 clarissimum,
673 2266 859 2325 inenarrabili
877 2265 1020 2321 beneficio
1039 2265 1107 2320 Dei.

10 2356 13 2363 '
59 2356 142 2414 Nam
159 2374 215 2427 ego
237 2368 327 2429 puto,
347 2357 529 2427 Evangelion
552 2360 585 2412 ad
599 2357 787 2414 Germaniam
806 2374 901 2430 usque
918 2356 952 2411 ad
969 2356 1029 2411 hoc
1045 2372 1109 2414 sae.

59 2449 162 2503 ouium
178 2464 325 2519 nunquam
344 2441 516 2519 pervenisse
534 2450 695 2504 revelatum
722 2460 750 2503 et
773 2449 839 2503 luce
860 2464 912 2503 sua
931 2464 1108 2515 coruscum,

57 2538 131 2594 licet
147 2554 207 2592 nou
225 2537 371 2607 dubitem,
391 2533 556 2594 Dominum
574 2555 694 2609 semper
704 2540 824 2594 novisse
838 2556 909 2593 suos
928 2539 1037 2610 ubique
1046 2549 1109 2593 ter.

57 2645 175 2695 ramm,
196 2626 282 2682 etiam
298 2628 327 2682 in
337 2629 441 2683 mediis
454 2629 590 2684 Sodomis
611 2640 641 2685 et
653 2628 812 2686 Gomorris
824 2643 954 2684 servare.
988 2628 1027 2684 Et
1039 2629 1109 2684 vids

56 2717 216 2786 mirabilia,
238 2718 273 2771 ad
287 2717 440 2773 Prussiam
455 2719 544 2788 pleno
559 2734 650 2773 cursu
669 2717 825 2792 plenisque
844 2720 919 2774 velis
937 2707 1029 2774 orrrrit
1046 2719 1108 2774 Ev.

57 2808 211 2878 angelion,
234 2801 295 2879 quo
313 2823 373 2862 non
393 2808 572 2876 vocabatur,
595 2809 645 2862 ubi
668 2827 725 2864 nec
744 2811 956 2880 quaerebatur,
982 2811 1010 2864 in
1031 2810 1107 2866 Ger.

55 2897 153 2954 mania
172 2912 245 2950 vero
262 2897 416 2968 superiore
434 2912 463 2951 er
476 2896 634 2977 inferiore,
654 2915 713 2969 quo
727 2898 805 2953 ultro
823 2901 904 2953 venit
923 2909 958 2953 et·
970 2899 1106 2964 accessit,

57 2989 139 3043 omni
160 2988 262 3041 lurore
280 2997 310 3040 et
331 2985 439 3041 insania
459 2983 694 3058 blasphematur,
722 2986 888 3059 repellitur,
913 2989 1045 3056 fugatur,
1073 2997 1107 3043 ut

58 3076 91 3131 in
108 3077 169 3131 hoo
185 3076 298 3147 impleri
310 3076 411 3131 videas
424 3086 535 3131 sortem
555 3077 633 3131 illam
653 3079 798 3147 egregiam
811 3077 977 3146 Evangelii,
998 3077 1108 3149 deque

56 3166 171 3224 Paulus
197 3166 268 3221 dicit
284 3166 375 3221 Rom.
391 3167 443 3223 X.:
471 3167 621 3222 Inventus
645 3184 716 3222 sum
742 3184 763 3221 α
782 3183 847 3222 non
864 3164 1106 3241 quaerentibus,

17 3251 21 3254 ’
54 3257 171 3332 polam
190 3256 333 3328 apparui
350 3255 416 3324 his,
438 3258 494 3332 qui
512 3274 642 3313 namon
658 3255 913 3331 interrogabant.
946 3258 997 3312 De
1015 3257 1105 3313 lsrael

56 3345 132 3399 vero
152 3346 236 3400 dicit:
257 3346 339 3401 Tota
359 3346 410 3401 die
427 3349 575 3420 expando
593 3363 709 3401 monus
726 3345 814 3401 meas
833 3347 879 3400 od
886 3346 1039 3418 populum
1055 3347 1106 3403 ina

56 3435 239 3504 credilium,
262 3441 292 3490 et
306 3435 456 3491 dicentem
473 3436 568 3505 nusi,
595 3435 650 3511 qui
667 3433 810 3491 ornhulat
828 3435 897 3492 vias
913 3452 978 3492 raon
996 3433 1105 3493 bonas.

57 3525 117 3580 Sed
135 3526 172 3580 ad
192 3535 221 3580 te
239 3537 383 3582 revertor.

124 3616 256 3669 Admitte
285 3615 389 3684 igitur,
417 3616 527 3688 optime
543 3613 683 3683 Praesul,
707 3613 790 3670 hunc
811 3615 944 3671 libellum
958 3634 1026 3672 curn
1049 3617 1105 3673 istu

58 3707 250 3760 confessione
270 3706 328 3773 tui,
356 3715 388 3760 ut
405 3722 459 3776 per
477 3716 505 3760 te
526 3713 555 3759 et
582 3704 611 3759 in
627 3715 655 3759 te
672 3705 925 3774 glorificetnrhao
945 3708 1105 3762 occasione

57 3794 213 3860 Christus,
239 3793 325 3848 simul
353 3804 384 3848 nt
404 3795 461 3848 sub
482 3787 531 3847 tuo
556 3794 675 3848 nomine
702 3795 757 3848 illis
776 3792 935 3864 serviatur,
961 3797 1009 3866 qui
1027 3799 1105 3852 forta

55 3883 317 3940 Deuteronomlon
331 3883 413 3937 Mosi
434 3894 517 3938 antea
533 3877 592 3937 non
615 3892 742 3952 tantum,
771 3893 913 3956 quantum
929 3886 1001 3941 mihi
1015 3886 1105 3942 dono.

54 3984 120 4032 tum
141 3984 207 4040 est,
236 3973 468 4066 intellexerunt.¹
488 3973 560 4030 Sunt
583 3973 662 4031 euim
682 3971 765 4031 multi
789 3983 819 4031 et
837 3973 949 4032 horum
966 3976 1105 4036 'nonnum
