2574 4724
73 472 175 540 aione,
199 470 292 543 qualis
317 470 426 532 fluxus*
442 480 542 545 earet,
564 469 724 527 eimulierl
744 462 922 526 misceretur
939 469 1020 534 (nam
1039 477 1125 536 aunt,

74 561 182 634 quibua
199 561 296 617 fluxus
313 561 460 631 ejttamodt
488 573 548 616 tam
564 562 662 617 tenuis
686 572 749 629 est,
776 577 811 614 ac
828 560 920 630 paene
938 563 1003 614 sine
1019 561 1125 631 volup:

73 661 131 708 tate
139 640 152 720 ,’
163 663 196 707 ut
213 664 326 707 tanturn
342 652 454 707 humor
464 653 582 723 quidam
598 651 765 723 superfluus
783 651 989 717 existimetur,
1003 649 1051 704 cui
1067 666 1125 704 neo

71 743 196 810 mulier,
214 757 270 796 nec
287 742 344 797 ulla
360 741 407 797 via
420 738 616 807 medebitur):
634 740 684 795 bic
699 741 723 795 si
741 740 771 795 in
788 740 851 796 otio
864 741 937 795 vivit
953 756 988 794 ac
1005 739 1035 794 in
1046 749 1126 794 catu.

72 833 174 902 ritate,
203 841 316 887 tentare
339 833 467 903 poterit,
498 831 594 905 primo
624 841 656 885 ut
680 830 827 902 corporali
851 830 951 884 labore
977 839 1006 884 et
1031 829 1125 884 inedia

74 932 215 978 exerceat
232 938 370 988 carnem,
391 931 456 976 tum
472 935 542 992 spec
566 921 621 975 erit
638 920 787 992 grauitatis:
813 920 858 975 ain
875 917 1125 975 autem·laborare

73 1013 122 1066 vel
139 1029 199 1066 non
216 1012 294 1079 vult,
322 1011 371 1066 vel
388 1027 448 1065 non
464 1020 580 1081 potest,
595 1009 733 1064 mandato
751 1009 812 1066 Dei
830 1008 916 1063 debet
940 1008 1056 1064 mulieri
1073 1025 1126 1069 co.

72 1102 167 1174 pulari
176 1141 186 1168 ,
204 1100 311 1173 alioqui
328 1099 450 1155 tentabit
465 1100 569 1156 Deum
585 1108 616 1158 ct
630 1098 761 1154 manebit
776 1098 806 1153 iu
822 1108 961 1170 peccato.

115 1281 118 1288 ,
140 1222 297 1277 Caeterum
312 1221 393 1294 quod
410 1220 533 1293 saepiae
546 1209 578 1276 ttt
590 1234 712 1294 quoque
729 1220 836 1290 scribis
846 1262 859 1298 ,Ἰ
874 1230 904 1276 et
921 1220 968 1275 alii
983 1219 1126 1277 mibi'ob.

70 1311 196 1382 jieiunt‚
227 1328 295 1365 meo
317 1311 442 1366 consilio
465 1323 527 1366 tres
558 1309 626 1367 illoa
650 1311 834 1366 novissimos
861 1311 1028 1367 Canonicoa
1057 1327 1125 1367 esec

75 1402 206 1469 electos,
229 1400 281 1472 qui
305 1410 405 1455 tamen
428 1399 575 1455 contraria
600 1401 788 1472 praedicem,
816 1401 961 1456 contemti
987 1416 1125 1475 semper,

74 1501 108 1546 ut
132 1490 219 1546 nimia
243 1506 377 1546 crassum
394 1490 590 1546 mendacium.
624 1491 682 1545 Sed
708 1507 785 1562 opus
808 1502 854 1546 eat
873 1491 991 1546 tandem
1015 1507 1126 1564 expur-

74 1599 160 1651 gare,
184 1581 302 1653 quando
319 1580 407 1634 video
425 1580 471 1649 id,
495 1594 544 1634 me
561 1591 693 1648 tacente,
719 1580 777 1635 late
794 1597 916 1653 serpere
939 1592 968 1637 et
987 1583 1126 1638 autorita.

73 1680 133 1725 tern
149 1671 314 1742 acquirere.
347 1669 431 1725 Nulli
448 1669 605 1737 consului,
623 1681 656 1724 ut
673 1670 814 1740 eligeret,
832 1682 882 1726 aut
898 1671 1055 1742 eligeretur
1070 1683 1125 1736 un'.

75 1776 184 1832 quam,
202 1760 252 1832 qui
270 1769 349 1816 certe
366 1759 466 1815 malim
483 1758 540 1813 hac
557 1759 632 1813 hora
645 1760 748 1829 jacere
766 1760 887 1815 domum
904 1761 982 1816 illam
994 1764 1123 1819 Satanae.

74 1852 131 1906 Sed
153 1850 197 1906 sic
213 1864 260 1905 res
277 1848 377 1905 habet.
408 1848 576 1920 Postquam
596 1849 748 1919 ignorante
772 1860 801 1904 et
824 1848 945 1906 absente
963 1868 1011 1905 me
1035 1851 1123 1908 electi

75 1949 193 2008 essent,
218 1956 252 1994 ac
268 1954 446 2010 persuasum
462 1938 535 1993 mihi
553 1955 676 2010 quoque
692 1947 792 2005 esset,
815 1939 960 2009 Principis
979 1956 1047 1995 ease
1065 1942 1124 1996 ani.

74 2047 174 2099 mum,
192 2041 224 2083 ut
240 2044 381 2084 numerus
398 2029 446 2084 ille
463 2029 575 2098 integer
592 2038 722 2085 maneret
739 2031 878 2102 salvaque
896 2031 943 2085 illa
961 2030 1126 2097 idololatria
1166 2053 1169 2061 ’

74 2123 155 2189 tota,
179 2120 394 2175 consuluerunt
418 2135 484 2187 me,
514 2135 550 2172 an
575 2109 726 2191 acceptare
754 2119 895 2175 deberent
921 2120 1124 2182 electionem?

75 2202 132 2265 llic
148 2227 204 2281 ego
221 2213 265 2266 sic'
282 2208 435 2278 consului,
453 2200 692 2281 quandoquidem
709 2209 831 2281 pecunia
847 2210 894 2266 illa
913 2210 1060 2283 perdenda
1077 2220 1125 2273 cet

75 2303 106 2356 in
123 2306 201 2373 quos
219 2299 308 2368 alios,
327 2300 376 2371 qui
394 2299 483 2353 futuri
502 2309 620 2367 essent,
644 2294 788 2371 optimum
806 2310 887 2355 esset
903 2301 986 2372 perdi
1004 2300 1123 2373 ineos,

75 2392 126 2463 qui
151 2390 228 2460 digni
254 2378 292 2444 et¹
308 2375 371 2462 apti
390 2399 510 2452 essent,
534 2399 622 2461 atque
646 2389 707 2443 hoc
728 2389 849 2444 nomine
875 2391 1059 2462 acciperent,
1084 2410 1123 2457 ne

74 2483 194 2552 peJ’ores
205 2490 235 2534 et
246 2479 424 2549 indigniores
438 2479 624 2549 acciperent,
642 2477 718 2533 sicut
729 2477 821 2534 modo
832 2484 900 2535 cum
911 2482 1082 2553 praesentiis
1094 2481 1124 2552 ⁴)

75 2580 164 2641 agunt
181 2569 314 2624 avaritiae
331 2571 409 2625 servi
427 2569 458 2623 in
474 2569 577 2623 eadem
594 2569 694 2624 domo.

140 2689 270 2745 Miratur
285 2688 375 2746 Prior
391 2702 420 2746 te
436 2691 573 2760 nescire,
592 2708 667 2762 quae
684 2691 723 2746 ait
738 2693 813 2747 ratio
826 2692 915 2748 debiti
932 2696 1026 2751 nostri
1044 2697 1122 2768 apud

75 2780 229 2837 Blancum.
247 2778 292 2847 **)
327 2779 454 2854 Quando
470 2782 616 2842 Blancnrn
636 2781 795 2837 Danistam
818 2797 954 2839 nostrum
977 2787 1121 2856 dicimus,

74 2872 221 2925 minorem
237 2870 319 2924 illurn
329 2870 461 2925 Chorum
475 2870 679 2940 intelligimus,
699 2872 746 2926 cui
760 2874 916 2943 quotannis
933 2877 966 2928 20
978 2875 1124 2933 Florenoa

73 2961 230 3033 pendimus
242 2960 305 3030 jam
322 2960 421 3015 multis
439 2960 540 3015 annis:
557 2959 654 3031 itaque
671 2970 704 3015 tu
715 2961 832 3016 curabis
845 2961 930 3018 nobit
949 2966 1024 3035 apud
1036 2965 1124 3021 Prin-

31 3042 37 3058 *
76 3052 189 3121 cipem,
213 3063 246 3104 ut
267 3066 282 3103 a
299 3049 519 3118 christophoro
537 3049 668 3104 Bressen
690 3052 846 3123 pecuniam
864 3064 998 3107 noctram
1014 3053 1121 3108 habea.

73 3155 159 3209 mus,
184 3139 292 3212 alioqui
317 3138 445 3194 Blancus
469 3154 526 3193 noa
547 3139 596 3192 vel
622 3138 695 3193 solia
720 3141 820 3195 verbis
847 3141 982 3211 exigendi
1007 3142 1055 3208 (ut
1077 3155 1125 3202 eat·

74 3227 260 3300 importunus
278 3227 419 3294 exactor)
437 3226 563 3282 occidet.
581 3227 715 3290 vDeinde
731 3246 746 3282 a
760 3228 928 3303 Quaestore
943 3231 1123 3292 trumentum

74 3318 243 3386 accepimus
255 3318 284 3373 in
297 3319 418 3390 penuria
430 3317 497 3386 ista,
514 3328 543 3371 et
553 3317 601 3370 itio
614 3334 669 3373 noe
682 3320 775 3374 multo
786 3321 877 3390 magis
889 3332 983 3390 urget.
1019 3321 1121 3397 Quare

74 3407 122 3459 vel
148 3422 201 3474 pto
223 3406 307 3462 nobie
333 3406 447 3474 orabis,
472 3417 505 3460 ut
520 3405 668 3476 Principia
694 3406 867 3477 benignitate
891 3409 978 3465 nobis
995 3412 1122 3468 donttut·

73 3495 135 3551 hoc
158 3494 307 3564 debitum,
333 3495 383 3550 vel
404 3505 438 3551 ut
462 3495 523 3550 cito
548 3495 703 3567 pecuniam
729 3511 769 3553 ex
788 3496 921 3553 Breasen
945 3497 1148 3561 babeamum

66 3583 193 3656 'Alioqui
210 3583 282 3637 nihil
299 3594 343 3639 eet
359 3585 388 3641 in
403 3602 492 3641 manu
509 3584 587 3640 unde
604 3584 754 3642 solvamur
764 3627 774 3655 ,
795 3599 824 3643 et
840 3590 931 3644 multa
948 3591 1001 3645 alia
1016 3602 1120 3652 mutuo

77 3736 229 3750 η*

123 3837 146 3883 r)
160 3830 231 3890 betta
244 3832 318 3882 atati
332 3833 376 3880 tate
389 3833 429 3886 bra
442 3834 522 3885 wald
535 3834 640 3894 ittrtrtt
653 3837 726 3883 utra:
740 3837 819 3895 irati
834 3837 928 3891 sautem
941 3839 965 3887 rt
976 3838 1121 3892 ituutrtbtr

73 3907 208 3960 attentatum
222 3910 259 3953 aar
272 3910 413 3967 detruncet
426 3911 466 3958 ten
480 3909 617 3980 Magnana.
643 3913 701 3974 mat.
720 3911 840 3976 eruatur.
858 3923 889 3958 aa
903 3914 937 3961 att
950 3914 1083 3977 manuum
1096 3923 1120 3968 a.

77 3983 109 4027 tl.
123 3982 182 4035 itae.
208 3980 252 4026 No.
267 3979 362 4034 butt.
413 3983 453 4037 ”i
465 3984 522 4037 liat.
536 3984 581 4033 uir.
594 3976 616 4032 l.
629 3984 660 4033 tt.
674 3987 724 4036 brt.
750 3983 795 4031 llo.
809 3979 904 4032 uxttt.
