2574 4724
182 285 248 375 ili
666 279 792 376 152³.

223 503 228 511 .
336 463 402 522 d'teo
418 465 454 521 in
470 457 611 523 Domino
629 465 769 541 Geor-pio
786 428 957 540 Spoletina
974 471 1029 523 etc.
1045 465 1072 555 ¹)

188 579 302 709 Gratia
325 636 355 682 et
377 643 446 700 pax.
480 627 597 698 Miror,
624 617 696 702 quid
719 628 793 685 valis
819 628 854 684 iia
876 629 991 697 verbis,
1015 627 1066 683 ubi
1091 623 1184 696 dicis,
1209 617 1244 683 si

186 716 276 792 ¹velim
298 719 465 786 recordari,
488 732 553 774 essa
577 719 686 792 aliquid
709 721 827 779 nomine
844 719 944 776 Ducis
966 718 1091 790 Georgii
1113 733 1237 774 mecum

185 816 302 873 actum,
325 817 442 879 praeter
466 808 544 864 illam
562 809 687 879 prinram
705 811 869 882 epistolam.
899 796 965 864 'Aut
981 820 1014 865 tu
1032 802 1141 880 aliquid
1157 811 1237 867 itu.

184 910 254 952 rum
270 896 382 953 divinas
400 908 449 953 aut
466 913 565 968 erras,
580 899 638 954 nisi
656 898 725 954 illud
744 909 851 971 putes,
868 898 951 971 quod
967 895 1078 954 comes
1091 896 1236 954 Albertus

184 1002 250 1042 non
271 985 392 1058 quidem
414 984 535 1043 nomine
555 988 653 1043 Ducis
671 984 814 1058 Georgii,
839 988 893 1044 sed
916 1003 972 1044 suo
996 988 1091 1044 solius
1113 984 1235 1043 nomine

184 1091 307 1132 mecum
323 1077 381 1147 egit
397 1075 426 1132 in
444 1078 546 1132 eadem
564 1093 661 1132 causa.
693 1077 784 1134 Aliud
806 1093 933 1149 prorsus
955 1077 1028 1132 nihil
1051 1092 1149 1149 neque
1168 1077 1235 1133 scio

184 1181 282 1238 aeque
298 1167 427 1222 memini.
462 1167 574 1227 Comes
591 1165 733 1222 hibertus
748 1166 810 1222 hoc
828 1166 903 1237 egit,
920 1176 952 1220 ut
967 1167 992 1222 si
1009 1183 1067 1239 qus
1082 1166 1148 1222 lieri
1164 1183 1235 1240 pos.

180 1254 225 1310 'sit
241 1256 321 1310 salva
336 1255 488 1325 Evangelii
505 1256 614 1326 gloria,
638 1268 671 1312 ut
696 1257 809 1328 tyranni
835 1256 991 1311 amentiam
1014 1255 1118 1312 leniori
1135 1257 1235 1328 atiquo

184 1351 333 1415 responso
356 1344 530 1414 mitigarem.
564 1345 647 1400 Turn
671 1362 726 1414 ego
749 1344 905 1416 respondi,
929 1345 955 1400 si
977 1344 1057 1400 salva
1081 1344 1119 1401 ait
1143 1345 1234 1416 gioria

185 1431 361 1504 Evangelii,
378 1434 455 1489 vella
468 1451 517 1490 me
535 1453 596 1490 non
613 1435 710 1491 solum
728 1435 784 1504 illi,
804 1436 857 1491 sed
873 1434 954 1490 omni
971 1435 1053 1490 hosti
1071 1450 1141 1491 esse
1156 1435 1234 1491 dedi.

185 1533 251 1580 tum
270 1539 409 1594 servum,
436 1525 514 1580 sicut
540 1526 626 1581 decet
644 1525 857 1593 christianum,
882 1524 1080 1598 permisique,
1103 1534 1139 1582 ut
1153 1522 1232 1581 Duci

187 1614 323 1685 Georgio
341 1617 376 1670 da
393 1633 443 1671 me
459 1610 533 1671 nihii
549 1632 610 1670 non
627 1613 836 1688 polliceretur,
855 1614 879 1670 si
898 1625 1000 1670 cesset
1016 1616 1116 1670 furere
1129 1615 1159 1671 in
1169 1625 1234 1670 ver.

185 1702 261 1761 bum
276 1704 347 1760 Dei.
380 1705 500 1760 Rursus
518 1705 542 1760 si
564 1719 665 1777 pergat
681 1705 797 1770 dicere,
814 1704 886 1760 nihil
903 1704 1001 1759 minus
1016 1704 1233 1772 arefactorum,

70 1854 74 1863 ,
115 1870 120 1882 ¹
179 1778 281 1869 'quam'
294 1809 369 1867 quae
386 1795 496 1850 furenti
514 1795 648 1851 miseriae
666 1806 696 1850 et
712 1794 842 1850 caecitati
859 1796 1019 1867 placerent.
1040 1793 1125 1881 ‘Non
1136 1803 1235 1868 putas-

72 1883 73 1886 ’
186 1901 252 1941 sem
270 1895 357 1958 caput
374 1885 451 1940 istud
467 1894 528 1941 tam
543 1884 684 1941 stolidum
702 1895 731 1940 et
748 1886 882 1940 insanum
899 1901 977 1940 esse.
1011 1884 1069 1938 Sed
1084 1883 1235 1939 haecom.

185 1977 235 2032 aia
257 1977 349 2032 credo
372 1975 547 2047 jamdudum
571 1976 622 2031 tibi
647 1985 726 2031 nota.
764 1978 825 2031 Aut
850 1975 938 2030 etiam
962 1975 1033 2030 illud
1056 1975 1237 2046 suspicaris,

187 2068 269 2139 quod
286 2065 442 2138 Episcopo
458 2064 710 2136 Magdeburgensi
733 2065 838 2137 scripsi
861 2064 989 2120 humiles
1011 2074 1042 2120 et
1064 2060 1239 2123 exhortato.

186 2156 245 2213 tias
263 2156 379 2225 literas,
398 2157 448 2228 qui
466 2173 520 2229 per
536 2155 746 2228 Praepositum
762 2153 833 2210 novi
850 2155 960 2228 Operis
978 2155 1095 2226 egregie
1111 2172 1240 2229 respon.

189 2245 240 2302 dit.
274 2247 331 2302 Sed
355 2260 435 2301 nunc
458 2246 566 2301 iterum
589 2253 734 2302 mutatum
757 2244 843 2302 audio
867 2262 922 2318 per
944 2244 1077 2301 libellum
1097 2246 1134 2302 de
1153 2257 1241 2321 pote,-

189 2346 265 2393 state
283 2335 377 2407 gladii.

254 2426 427 2481 Wenceslai
445 2424 541 2481 nostri
562 2425 678 2497 nuptias
696 2424 841 2480 miraculo
858 2428 1073 2497 exceperamus
1091 2434 1159 2481 ante
1175 2435 1241 2483 tuas

188 2515 300 2587 literas.
335 2514 434 2590 Quam
456 2515 582 2588 pulchre
607 2514 705 2587 prodit
729 2515 889 2584 sacrilegus
912 2515 959 2569 ille
983 2515 1162 2585 caelibatus,
1185 2535 1242 2589 per

188 2605 252 2660 vim
273 2613 303 2658 et
326 2612 439 2659 metum
461 2604 606 2660 hactenus
629 2603 784 2659 infeliciter
806 2606 952 2660 exactus?
986 2603 1113 2673 Gaudeo
1138 2615 1242 2663 nmen

186 2695 260 2749 ‘tanti
276 2693 332 2748 viri
349 2710 459 2749 nomen
476 2694 599 2761 stultum
617 2692 678 2748 heri
697 2694 727 2749 in
744 2692 951 2749 confusionem
965 2694 1055 2749 salsae
1067 2695 1153 2751 istius
1167 2714 1244 2752 con.

189 2778 340 2839 tinentiae.
369 2782 477 2837 Vincet
492 2782 554 2837 hoc
573 2781 744 2837 scandalum
760 2782 853 2853 gloria
868 2781 1030 2852 Evangelii.
1057 2783 1129 2838 Vale
1145 2793 1177 2841 ct
1188 2803 1244 2843 ora

191 2889 247 2948 pro
264 2890 323 2928 me.
356 2870 596 2946 Witambergae,
618 2871 798 2929 MDXXIII.

870 2961 1021 3024 Martinus
1042 2963 1207 3025 Lutherus.

224 3289 250 3356 t.
268 3293 377 3364 terit
884 3295 936 3352 Na
954 3297 1207 3356 ccchxxxn.

568 3429 618 3499 tta
639 3426 854 3508 stataria.

460 3572 485 3622 i.
499 3568 617 3626 enotriti
628 3565 692 3619 rtart
705 3567 833 3622 mindens
845 3571 962 3625 carim

642 3669 783 3689 ——nd

229 3760 281 3813 luta
294 3758 457 3807 harilaher
469 3759 499 3806 Π.
512 3760 556 3808 tas
581 3759 639 3814 5801.
650 3757 712 3868 {oxi}
725 3757 779 3872 ἓξ.
793 3768 829 3813 a,
842 3756 859 3805 l.
874 3754 919 3807 166.
943 3756 1042 3812 ouria
1055 3759 1096 3812 iti
1108 3753 1208 3812 {duih

244 3972 265 4036 l)
286 3985 347 4037 stoc
360 3983 418 4035 θοι
431 3984 485 4034 Jea.
