2574 4724
486 324 491 340 ·
538 302 628 369 1522
1053 301 1114 369 209

62 453 118 513 ista
144 454 265 511 &unae
288 456 412 522 astutia,
437 467 470 513 ut
487 459 523 512 iis
538 459 626 514 initiis
652 459 730 513 viam
752 456 809 514 dibi
826 469 908 530 paret
925 457 962 512 ad
979 473 1114 512 currum.

62 545 189 614 modam
207 545 425 616 simplicitatem
443 545 572 615 Christi,
595 559 623 602 et
650 548 815 603 introducat
839 547 1057 622 quaestiones,
1079 556 1114 604 ut

60 633 174 692 Paulus
192 635 247 701 ait,
262 634 499 693 interminatas.
533 637 581 691 Sic
598 638 666 692 iecit
676 678 686 705 ,
705 638 773 692 dum
786 637 1006 709 philosophiam
1026 637 1114 690 into.

61 735 127 781 tum
141 725 244 780 orbem
257 737 287 780 et
299 727 483 781 ceremonias
496 728 624 796 invexit,
642 729 728 782 nullis
746 727 951 782 resistentibus
963 727 1112 798 episcopis
1192 753 1194 757 ·

63 825 94 870 et
115 832 170 887 pro
195 814 260 870 fidei
283 815 415 870 libertate
433 828 462 870 et
487 817 653 871 sinceritate
676 817 832 872 stantibus.
866 817 913 870 Sic
928 817 1018 871 modo
1035 815 1113 888 apud

63 918 123 960 uos
140 905 177 959 de
194 903 275 959 cultu
288 905 464 959 Sanctorum
481 917 511 960 et
528 906 564 960 de
578 921 668 960 sensu
679 906 855 961 Sanctorum
870 905 899 962 in
918 907 1003 961 coelo
1021 907 1112 960 cavil.

63 995 160 1061 latur,
177 996 225 1048 cui
242 1011 297 1048 nos
315 996 490 1049 meditamur
506 1011 680 1064 occurrere,
697 1006 839 1067 quantum
855 995 1005 1051 Dominus
1024 995 1111 1049 dede.

62 1085 110 1140 rit.
146 1084 196 1139 Sic
220 1085 324 1156 procul
349 1085 438 1139 dubio
463 1085 673 1140 waldensibus
701 1085 835 1140 fratribus
858 1102 978 1157 quoque
996 1085 1110 1143 accidit.

63 1172 114 1231 Tu
131 1173 217 1243 igitar
233 1173 277 1228 sic
289 1175 393 1239 facito,
409 1190 499 1244 urge,
516 1172 606 1241 in'sta,
624 1174 709 1242 exige
721 1191 754 1228 ea
767 1191 841 1246 qttae
855 1175 1018 1229 necessaria
1030 1185 1111 1241 stant,

63 1263 180 1321 scilieet
201 1261 289 1317 iidem
309 1273 338 1317 et
354 1263 541 1330 charitatem,
566 1280 641 1334 quae
659 1264 684 1318 si
701 1281 760 1318 non
777 1277 861 1319 antea
879 1265 1110 1335 amplectantur,

63 1352 212 1408 detestare
229 1367 333 1406 eorum
351 1352 498 1405 levitatem
514 1353 593 1405 eirca
609 1353 662 1406 alia
680 1363 802 1407 externa
820 1363 848 1408 et
866 1371 926 1408 non
942 1340 1112 1409 necessaria

63 1457 135 1498 sese
157 1453 361 1511 occupantem.
398 1441 506 1511 Neque
532 1441 610 1494 enim
628 1441 725 1512 ipsum
741 1453 956 1503 sacramentum
973 1443 1112 1498 ideone.

62 1531 226 1586 masadam
243 1539 304 1596 est,
331 1541 362 1583 ut
380 1529 419 1582 ob
436 1531 532 1598 ipsum
558 1530 629 1584 fides
646 1543 674 1583 et
696 1531 822 1586 charitas
839 1533 898 1587 sint
913 1532 1110 1587 omittendaet

63 1621 188 1676 stultum
206 1631 252 1675 est
270 1620 297 1674 in
314 1618 420 1674 vilibus
437 1620 491 1674 illis
507 1620 673 1688 digladiari,
698 1622 836 1690 neglectis
853 1621 990 1692 pretiosis
1007 1621 1063 1676 illia
1080 1631 1113 1678 et

62 1710 250 1764 salutaribus.
941 1763 945 1770 ,

126 1799 245 1853 'l'amen
262 1814 299 1852 ne
316 1798 514 1869 importunum
532 1813 708 1869 responsum
724 1799 793 1853 dem
811 1800 926 1866 stultis,
947 1816 988 1855 ne
1005 1810 1113 1872 putent

64 1903 114 1944 me
136 1905 198 1943 nou
223 1902 310 1958 posse
329 1888 521 1958 respondere,
544 1889 589 1941 sic
606 1889 689 1943 dico:
715 1888 840 1943 liberum
857 1905 941 1957 esse,
959 1890 1112 1945 Christum

63 1978 177 2033 adorari
203 1987 232 2032 et
249 1977 377 2032 invocari
395 1975 451 2030 sub
478 1987 684 2037 sacramento.
707 1994 804 2047 neque
820 1979 898 2032 enim
909 1988 1035 2050 peccat,
1051 1978 1112 2049 -qui

63 2046 135 2124 uon·
147 2068 269 2133 adorat,
296 2083 392 2137 neque
418 2078 533 2135 peccat,
558 2065 608 2136 qui
633 2066 742 2120 adorat.
777 2065 833 2121 Hic
852 2077 917 2122 estc
939 2066 1005 2121 finis
1022 2067 1112 2133 huius

63 2155 285 2222 contentionis,
309 2172 365 2209 nec
388 2155 537 2225 permittas
563 2153 731 2209 alterutram
753 2163 864 2225 partem
881 2155 947 2224 cogi
965 2164 994 2209 et
1011 2155 1110 2224 exigi,

63 2262 139 2303 neve
155 2244 222 2316 quia
247 2245 372 2299 adducat
388 2244 436 2298 vcl
461 2242 642 2313 praeputium
658 2243 707 2297 vel
734 2244 1008 2313 circumcisionem,
1034 2262 1113 2301 neve
1185 2245 1189 2253 '

62 2352 95 2391 ee
113 2327 242 2390 inuicem
258 2331 309 2388 hic
328 2333 473 2402 judicent.
506 2331 535 2386 Τ
535 2349 554 2384 u
571 2348 643 2401 ergo
660 2342 837 2400 contemne,
862 2345 892 2389 et
909 2350 962 2404 per
978 2330 1113 2391 contem-¹

62 2435 126 2481 tum
144 2425 250 2479 damna
265 2425 353 2477 talem
371 2423 400 2477 in
417 2423 473 2475 hac
492 2438 523 2476 re
540 2411 770 2477 contentionem.
804 2422 861 2476 Ubi
878 2421 997 2492 fideset
1013 2424 1111 2481 chari.

60 2525 107 2570 tas
125 2514 224 2579 luerit,
241 2513 290 2566 hic
308 2511 425 2582 peccari
441 2528 502 2566 non
518 2520 632 2581 potest,
656 2528 752 2581 neque
771 2512 918 2566 adorando
936 2530 1031 2585 neque
1048 2533 1111 2575 non

61 2603 230 2658 adorando:
256 2600 305 2654 ubi
329 2611 425 2654 autem
452 2598 522 2652 fides
548 2608 576 2652 et
601 2597 726 2653 charitas
744 2618 804 2653 non
827 2601 933 2668 fuerit,
959 2621 1111 2676 antiquam

60 2691 197 2766 peccabit
209 2692 303 2756 ullus,
320 2690 381 2744 sive
395 2688 543 2743 adorando
555 2689 618 2742 sive
630 2706 689 2742 non
701 2691 849 2747 adorando
861 2730 870 2757 ,
887 2693 946 2746 imo
958 2712 1110 2767 nunquam

61 2800 124 2836 noa
142 2783 170 2834 in
189 2789 282 2834 totum
299 2778 425 2833 vivendo
442 2775 586 2847 peccabit.
619 2776 704 2832 Fides
727 2778 804 2832 enim
821 2780 865 2833 sic
881 2782 1000 2851 adorat,
1027 2787 1109 2856 quod

59 2872 145 2925 illum
161 2870 257 2924 solum
274 2869 328 2923 sibi
346 2867 501 2939 proponit,
519 2865 604 2935 cujus
623 2865 662 2919 ibi
680 2883 788 2937 corpus
806 2879 835 2923 et
852 2872 1021 2939 sanguinem
1039 2890 1108 2930 esse

57 2979 120 3017 non
138 2958 259 3013 dubitat.
277 2957 330 3012 llic
342 2956 420 3010 siilli
433 2954 607 3008 contentiosi
624 2955 717 3010 nolint
729 2959 984 3015 concomitantiam
997 2961 1108 3030 dicere,

57 3053 157 3106 dicant
174 3049 275 3114 aliter,
294 3057 323 3102 et
341 3047 472 3099 desinant
489 3043 686 3112 contendere,
704 3061 772 3099 cum
790 3046 819 3100 in
836 3062 867 3099 re
884 3047 946 3119 ipsa
964 3053 1106 3105 conveni.

58 3152 116 3194 ant.
151 3138 252 3194 Nemo
270 3136 349 3190 enim
366 3146 472 3202 negat,
488 3148 543 3185 nec
559 3133 661 3185 iratres
680 3133 734 3202 ipsi
751 3145 840 3204 puto,
864 3151 974 3206 corpus
993 3149 1021 3192 et
1039 3154 1105 3194 san.

57 3232 173 3298 guinem
185 3226 293 3281 Christi
306 3225 343 3278 ibi
357 3237 441 3290 esse,
459 3222 508 3292 qui
521 3219 686 3274 adorandus
703 3231 757 3279 est.
791 3221 858 3276 lloc
871 3223 976 3279 sufficit
993 3244 1105 3283 conco.

55 3318 218 3373 mitantiam
235 3316 305 3370 dici.
338 3312 398 3386 Qui
415 3327 487 3366 vero
504 3309 626 3364 scrutari
643 3310 761 3376 volent,
786 3313 937 3382 quomoda
954 3315 1044 3372 deitas
1063 3318 1104 3374 ibi

55 3406 326 3478 comprehendatur
351 3399 602 3463 concomitantcr,
626 3396 683 3453 has
702 3415 788 3467 argue
812 3411 843 3453 ut
861 3402 947 3456 stulte
964 3406 1101 3464 curiosos

55 3508 87 3552 et
104 3495 267 3550 camalibus
280 3488 527 3562 phantasmatibus
546 3488 575 3540 in
587 3488 727 3558 mysteria
746 3487 803 3540 Dei
817 3501 950 3559 ruentes,
967 3510 1027 3564 quo
1045 3511 1099 3551 eos

54 3603 158 3641 serves
184 3585 213 3637 in
236 3581 421 3652 simplicitate
446 3576 511 3630 fidei
535 3586 563 3630 et
588 3575 709 3646 inpura
731 3577 903 3637 sacramenti
921 3582 1097 3650 cognitione.

52 3675 135 3732 Nam
159 3673 208 3727 ubi
234 3672 299 3726 talia
325 3668 522 3740 phantasmata
548 3664 634 3718 stulta
661 3675 689 3717 et
715 3681 778 3731 non·
791 3669 955 3721 necessaria
972 3672 1100 3728 admissa

53 3765 179 3830 tuerint,
203 3764 338 3815 curiosos
366 3757 504 3822 reddent,
530 3765 558 3808 et
584 3752 749 3825 posthabita
776 3752 850 3820 fide,
875 3772 995 3811 onlnem
1021 3762 1099 3818 illam

54 3855 200 3910 sentinam
224 3850 345 3905 deloco
372 3846 501 3912 inlinito,
526 3859 640 3910 vacuo,
667 3843 838 3913 quantitate,
865 3845 1044 3917 substantia,
1069 3862 1100 3909 et

53 3916 283 4020 quioquid'ratio
299 3937 436 3995 naturalis
455 3945 483 3990 et
500 3932 685 4005 philosophia
702 3932 842 3990 hactenus
862 3936 993 4008 insaniit,
1011 3941 1097 3998 adae.

139 4037 209 4114 W·
232 4029 277 4100 11.
859 4028 896 4094 ll
