2574 4724
545 314 634 383 15212
1055 313 1115 385 tlt

50 468 271 542 ssmgettum.
307 467 387 543 Quid
405 485 478 540 ergo
496 479 527 524 tu
544 471 653 527 facies?
672 469 771 544 Quem
788 485 878 540 coges
895 470 930 526 ed
955 470 1116 537 obedienti.

49 564 117 616 am?
136 578 240 634 quem
268 559 425 615 revocabis
449 561 627 630 egressum?
648 577 736 632 quem
753 561 904 616 accusabis
932 569 1116 632 apostatem,

50 651 75 707 si
90 650 273 705 libertatem
290 647 342 703 hie
367 658 397 704 et
422 650 502 705 nulls
518 643 638 720 peccata
656 665 721 705 esse
750 649 888 714 docebis,
911 649 984 704 sieut
1002 650 1116 706 debes?

48 738 132 796 Petis
150 741 238 794 forte
257 755 337 794 ame
354 737 519 795 confilium:
537 741 624 806 dico,
639 756 688 795 me
706 741 828 794 consule
846 757 906 794 non
928 757 1009 808 eges.
1041 740 1117 796 Cer.

50 840 99 885 tus
115 830 205 886 enim
223 845 316 896 sum,
339 831 379 885 nil
397 846 426 885 te
443 831 586 885 iacturum
604 841 653 886 aut
677 845 831 900 passurum
850 831 993 885 adversus
1017 829 1117 884 Euan.

52 922 186 990 gelium,
221 919 337 974 etiamsi
363 920 461 974 omnia
492 904 636 974 coenobia
663 928 732 974 sunt
759 918 918 991 perdendo.
967 918 1119 991 Displicet

53 1025 123 1067 sene
140 1009 225 1065 mihi
251 1024 390 1079 egressus
408 1009 459 1063 iste
477 1025 546 1063 cum
562 1010 705 1075 tumultu,
722 1026 813 1081 quem
841 1008 944 1064 audivi.
980 1009 1120 1081 Oportuit

56 1102 133 1156 enim
160 1109 277 1155 mutuo
301 1115 450 1153 consensu
467 1109 495 1153 et
511 1116 583 1170 pece
608 1099 645 1153 sb
672 1100 798 1154 invicem
824 1098 946 1166 dimitti,
971 1098 1025 1153 nisi
1042 1099 1119 1154 hseo

57 1202 156 1264 poene
175 1190 217 1246 sit
235 1190 310 1244 male
337 1199 367 1242 et
394 1189 480 1259 impie
498 1189 598 1244 emissi
615 1189 694 1256 voti,
722 1196 840 1243 ut'cum
857 1187 1042 1244 dissensione
1060 1174 1120 1244 dis.

60 1282 251 1348 solueretur,
269 1280 349 1351 quod
366 1278 452 1351 impis
478 1279 639 1357 concordie
667 1280 752 1334 fuerit
770 1280 979 1350 compositum.
1013 1279 1068 1335 Sed
1086 1289 1120 1333 ut

62 1370 200 1427 revocari
218 1369 352 1440 possint,
368 1386 429 1423 non
446 1370 534 1424 video
557 1378 672 1425 rectum
688 1367 861 1436 othonum,
879 1369 946 1424 iicet
964 1387 1024 1424 non
1042 1378 1120 1425 rents

63 1472 88 1515 et
106 1461 191 1514 bene
215 1458 352 1512 fecerint.
385 1456 494 1530 Neque
517 1467 544 1512 te
566 1468 637 1529 puto
661 1475 750 1528 posse
764 1458 953 1529 ¹prohibere,
975 1458 999 1512 si
1018 1457 1042 1524 ¹)
1067 1456 1119 1530 qui

63 1562 219 1623 praeterea
236 1548 309 1616 sint,
332 1549 381 1621 qui
399 1549 496 1617 egredi
514 1549 674 1604 voluerint:
692 1550 836 1621 optimum
855 1550 951 1622 itaque
968 1550 1068 1617 luerit,
1086 1559 1122 1605 ut

64 1639 108 1696 llis
124 1639 190 1696 tuis
207 1637 337 1712 comitiis
353 1654 492 1706 caveres,
508 1636 535 1704 2)
552 1648 580 1692 et
596 1638 735 1709 exemplo
754 1639 822 1711 Cyri
839 1638 958 1710 publico
976 1639 1071 1693 edicto
1087 1638 1121 1694 ii.

63 1728 213 1784 bertatem
230 1726 357 1781 donares
372 1727 439 1793 his,
462 1726 513 1798 qui
531 1727 628 1797 egredi
645 1728 771 1795 volitnt,
796 1727 943 1785 neminem
961 1728 1121 1782 extntden.

64 1820 117 1887 do,
133 1816 166 1883 ³)
183 1818 335 1873 neminem
351 1816 379 1872 vi
398 1816 564 1874 retinendo.
598 1817 648 1872 Tu
664 1834 737 1872 vero
755 1817 870 1874 interim
889 1834 957 1871 otim
976 1817 1123 1873 Hieremia
1150 1868 1152 1873 .

63 1909 91 1965 in
107 1907 279 1964 ministerio
296 1906 457 1978 Babylonis
473 1923 626 1963 maneres:
652 1924 721 1966 nem
737 1916 767 1967 et
784 1924 840 1977 ego
857 1906 1001 1962 inhabito
1019 1917 1048 1962 ot
1065 1908 1122 1965 ritu

63 1999 120 2054 isto
138 1995 285 2054 manebo.

68 2132 71 2136 ’
130 2135 267 2193 Prorsus
293 2150 354 2189 non
380 2133 480 2199 video,
506 2133 575 2205 quid
592 2132 668 2186 aliud
694 2130 858 2186 hio‘lncere
886 2146 1005 2203 posses.
1038 2131 1121 2188 Nolo

64 2226 150 2282 enim
177 2233 208 2279 te
231 2222 368 2293 impietati
386 2239 539 2294 praeesse,
565 2233 613 2276 sut
630 2222 736 2276 ducem
755 2237 846 2291 super
873 2221 1059 2305 iniquitatem.
1093 2221 1123 2276 Si

65 2313 205 2370 libellum
232 2326 332 2365 meum
362 2311 397 2363 tle
422 2311 499 2365 votis
524 2309 650 2378 legeris,
675 2308 789 2365 videbis
816 2316 914 2364 meum
941 2310 1123 2368 sententium.

65 2401 166 2459 Eram
183 2399 434 2468 Wittembergae,
459 2399 510 2453 sed
527 2417 588 2454 non
613 2398 693 2454 licuit
708 2398 921 2454 monasterium
939 2397 1070 2468 ingredi,
1085 2402 1124 2454 ns

66 2491 222 2564 perderet·
255 2486 348 2557 lgitur
369 2488 535 2542 audendum
558 2486 609 2543 tibi
635 2488 740 2559 aliquid
766 2487 817 2542 hic
834 2499 893 2554 est,
918 2505 986 2542 cum
1005 2488 1122 2555 videos,

68 2592 189 2650 tempus
208 2585 329 2648 etopus
352 2578 411 2632 Dei
437 2579 473 2631 ito
498 2593 631 2648 poscere.
667 2577 797 2632 lnoudita
822 2589 907 2644 sunt,
932 2580 1043 2644 fateor,
1072 2577 1124 2632 sed

67 2669 161 2724 simul
180 2667 267 2720 etiam
285 2667 381 2720 invita.
416 2665 482 2734 Ego
504 2666 735 2721 deinonstrstive
757 2669 911 2720 convictus
929 2684 1005 2721 sum.
1026 2665 1124 2722 Habes
1215 2665 1224 2677 “

66 2759 244 2830 Philippum
262 2756 529 2822 Melanchtonem,
552 2767 579 2809 et
596 2756 668 2811 alios
691 2773 810 2827 quoque
828 2757 977 2811 consules.
1010 2757 1126 2812 Placuit

68 2851 163 2916 enim,
181 2857 214 2902 ut
224 2846 298 2901 haec
312 2847 430 2901 comitia
445 2846 677 2915 Wittembergae
690 2845 829 2901 haberes.
856 2844 973 2900 Patrem
986 2857 1124 2901 nostrum

70 2940 259 2993 carissimum
277 2923 446 3008 Stsupitium
464 2938 583 3005 nescio,
601 2935 707 2991 ubisit.
742 2936 840 2991 Audio
854 2947 950 2990 autem
967 2953 1033 2989 eum
1046 2937 1126 2992 idolo

69 3030 278 3096 Salzburgensi
295 3029 421 3082 aulicum
440 3043 524 3093 esse,
548 3027 628 3097 quod
645 3025 759 3080 homini
785 3025 896 3096 optimo
915 3026 1042 3080 invideo.
1076 3027 1126 3080 Tu

70 3139 144 3177 eum
167 3120 318 3176 salutabis.
354 3119 433 3174 Nam
458 3135 496 3173 ex
523 3117 627 3172 libellis
651 3119 725 3171 meis
748 3118 899 3185 intelliget,
925 3118 991 3188 quis
1016 3117 1072 3170 sim
1097 3127 1128 3173 et

69 3211 154 3284 quod
179 3226 271 3278 agam.
303 3206 373 3261 Jam
397 3209 424 3261 iu
449 3207 572 3261 Postilla
595 3215 624 3260 et
646 3206 800 3260 vernacula
823 3206 960 3259 tradenda
979 3205 1069 3260 Biblia
1087 3207 1127 3260 la.

68 3301 162 3357 boso.
197 3298 277 3354 Vale.
310 3296 361 3353 Ex
379 3295 579 3362 Eremo,ler.
596 3293 621 3349 6.
641 3305 708 3365 post
726 3295 834 3349 Lucise
851 3293 988 3362 Virginis.

709 3449 747 3504 Τ.
766 3448 914 3504 lllartinus
932 3447 1094 3507 Lutherus.

125 3813 146 3858 t>
162 3808 224 3858 Εώ.
238 3807 295 3861 sed,
310 3807 359 3854 noi
373 3807 451 3853 tttntn
465 3807 532 3856 einr
546 3806 603 3859 titt.
695 3874 698 3878 .

121 3901 145 3950 2)
162 3897 223 3948 ῦώ.
240 3908 343 3942 careres.

123 3992 147 4040 3]
164 3986 224 4038 tid).
239 3986 407 4039 extendendo,
422 3985 471 4033 tusi
485 3985 587 4037 siltttbtt
599 3984 665 4036 totid
680 3984 713 4037 itt,
