2574 4724
592 319 683 383 1521.
1133 322 1174 391 27
1214 396 1218 403 ι

113 470 261 543 spiritns,
285 472 336 542 qai
358 471 450 543 longo
468 472 592 529 invidiae
609 473 716 531 morbo
735 491 802 532 eum
820 476 849 533 in
866 478 995 534 furorem
1015 480 1119 548 vertit,
1143 491 1175 537 et

116 565 241 630 sotum,
257 572 289 618 ut
303 563 400 618 irritet
417 575 447 617 et
463 563 633 631 cavilletur,
650 565 801 638 loquitur,
818 568 915 623 onrnia
933 570 1074 643 loquitur.

184 652 312 709 Proinde
330 653 551 725 simplicissime
570 665 688 726 oportet
705 657 733 710 in
751 674 820 712 eum
838 659 945 726 scribi,
962 670 991 715 et
1009 676 1172 731 praeoccu.

117 741 286 815 potionibus
303 745 403 799 omnia
420 744 556 808 munire,
574 763 610 800 ne
629 746 718 800 verba
736 748 781 801 vel
799 764 900 802 ansam
917 760 1013 820 captet
1032 750 1172 818 Satanas,

115 844 147 888 ut
173 834 200 888 si
221 850 287 890 non
310 834 375 906 ipse
392 832 491 905 (quod
508 835 724 906 desperandum
741 835 822 903 esti,
847 837 900 892 sed
917 849 1014 894 tamen
1032 840 1173 911 quilibet,

116 924 308 994 quantumvis
333 924 430 990 rudis,
456 925 612 993 intelligat,
634 941 703 980 eum
720 927 755 980 ad
774 943 837 980 rem
854 927 924 983 nihil
941 928 1074 995 dixisse,
1101 931 1172 985 dum

115 1013 292 1069 sacerdotes
309 1030 379 1068 esse
396 1013 504 1085 probat
519 1031 573 1086 per
588 1014 705 1070 inducta
721 1015 845 1071 Patrum
856 1015 904 1083 ⁶),
921 1035 991 1072 cum
1006 1034 1063 1089 ego
1077 1020 1173 1091 Scrip.

115 1116 196 1160 suras
213 1105 412 1175 protulissem
429 1115 458 1159 et
476 1104 694 1176 postulassem,
711 1105 818 1160 frustra
836 1107 949 1162 scilicet
966 1124 1034 1162 eum
1051 1110 1172 1177 garrire.

115 1191 193 1251 tritt
209 1191 286 1256 stitit
304 1194 339 1250 bu
356 1192 478 1261 oditur
496 1202 542 1250 tlt.
585 1193 666 1249 Nam
683 1212 739 1264 ego
756 1195 784 1249 in
802 1212 871 1250 meo
890 1195 990 1251 libello
1016 1195 1172 1265 aliinnavi,

116 1282 258 1344 Patribus
286 1283 344 1338 dici
374 1285 546 1340 sacerdotes
573 1282 636 1339 boc
663 1301 756 1354 genus
784 1282 967 1353 hominum,
995 1286 1075 1358 quod
1107 1288 1171 1359 ipse

115 1373 224 1433 fnestra
242 1384 373 1429 conatur
388 1376 556 1432 ostendere.

166 1463 244 1517 Ideo
262 1462 364 1527 Petri,
382 1463 452 1517 item
469 1463 649 1536 Apocalyps.
668 1463 703 1519 V.
718 1475 747 1519 et
758 1464 825 1519 XX.
842 1482 911 1519 cum
928 1463 1172 1537 praecedentibus

118 1566 146 1609 et
162 1552 387 1609 circunstantiis
390 1588 1172 1611 ...................

119 1678 391 1704 .......
427 1651 457 1695 et
481 1642 664 1709 agitandum,
689 1641 946 1714 insultandumque
964 1643 1115 1710 Diabolo,
1139 1652 1174 1722 ut

117 1750 211 1799 unum
233 1732 339 1787 locum
357 1731 521 1803 Scripturas
539 1733 684 1803 proferat,
706 1733 735 1786 in
759 1750 819 1805 quo
837 1734 972 1806 appellari
998 1737 1063 1788 eos'
1076 1750 1173 1788 sacer.

120 1825 205 1880 dotes
222 1822 388 1895 probetur,
405 1834 437 1876 ut
453 1834 483 1878 et
499 1833 583 1877 antea
599 1823 735 1877 insultavi
753 1825 782 1878 in
805 1824 911 1879 eodem
932 1823 1019 1880 libro.
1054 1824 1172 1879 Deinde

123 1914 325 1979 irridendum,
342 1912 422 1984 quod
441 1914 612 1968 sacerdotes
628 1912 746 1984 probari
763 1914 826 1969 vult
842 1930 895 1985 per
911 1913 998 1970 illud:
1019 1914 1087 1967 Vos
1097 1913 1173 1969 estis

126 2005 174 2071 ,tul
187 2001 375 2068 terrae’*):
400 2003 484 2074 quusi
502 2003 543 2056 sal
561 2014 590 2057 et
608 2003 749 2058 sacerdos
767 2004 845 2058 idem
863 2003 918 2070 sit,
946 2003 1026 2074 quod
1044 2003 1126 2074 pueri
1144 2003 1173 2058 iu

127 2078 238 2148 sclrblis
264 2103 437 2158 noverunt,
476 2092 524 2163 qui
553 2092 796 2156 vocabularium,
831 2107 871 2145 ex
896 2108 956 2162 quo
982 2091 1084 2158 legunt
1104 2089 1175 2154 m).

126 2184 243 2240 Deinde
267 2193 303 2237 ut
328 2182 462 2237 eludatur
487 2181 608 2236 Patrum
633 2183 774 2237 autoritas
800 2181 877 2235 clare
901 2185 955 2252 per
975 2181 1175 2251 Apostolum:

128 2273 243 2329 Omnia
258 2269 410 2346 probate,
428 2273 498 2327 item
515 2289 568 2342 per
586 2275 712 2341 August.
731 2272 798 2326 dist.
817 2271 870 2327 lx.
888 2271 920 2324 C.
940 2271 1018 2328 noli:
1036 2271 1106 2325 item
1123 2287 1176 2342 per

127 2364 191 2418 tuna
210 2363 386 2432 Hieronymi
405 2361 947 2435 superatarumxx11r.=„Qu0u
965 2361 1000 2414 ae
1018 2359 1173 2433 scripturis

125 2453 312 2508 autoritatem
328 2470 389 2506 uon
406 2451 511 2516 habet,
527 2452 631 2504 eadem
648 2450 780 2507 facilitate
801 2451 1018 2518 contemnitur,
1034 2468 1092 2522 qua
1106 2467 1175 2523 pro.

125 2541 209 2597 batur
218 2542 245 2596 ε’·
264 2542 317 2596 sed
335 2559 394 2612 quo
411 2541 549 2595 Patribus
567 2558 626 2594 nou
646 2552 692 2595 est
709 2541 890 2594 credendum
910 2540 995 2606 ultra,
1013 2559 1101 2613 quam
1119 2542 1173 2596 sibi

127 2635 203 2693 credi
220 2633 391 2695 voluerunt,
409 2633 502 2695 idest,
520 2631 676 2700 Scripturis
695 2632 766 2685 solis
785 2630 820 2684 ab
835 2633 906 2702 ipsis
922 2633 1065 2686 adductis.
1100 2632 1173 2686 Ideo

127 2725 259 2794 spiritum
288 2723 377 2776 istum
403 2724 524 2776 stultum
553 2722 685 2774 noudum
711 2722 871 2787 intelligere
890 2735 1092 2787 argumentum
1111 2724 1175 2777 libri

127 2815 185 2877 sui,
205 2829 275 2866 cum
293 2830 351 2865 non
371 2813 438 2882 quid
458 2812 562 2864 Patres
582 2811 723 2874 dixerint,
746 2812 797 2865 sed
816 2828 870 2864 cur
887 2811 1028 2877 dixerint,
1047 2812 1175 2882 disputa.

127 2916 187 2956 tur:
211 2913 245 2955 ut
264 2902 400 2968 intelligat
419 2902 528 2967 lector,
561 2901 722 2953 aliudesse.
741 2900 855 2965 dicere,
881 2901 954 2952 aliud
974 2902 1115 2967 credere,
1145 2910 1175 2954 et

124 3010 179 3046 uos
199 2993 348 3061 disputare
374 3008 435 3045 nou
461 2991 496 3042 de
522 2990 639 3052 ‹liccre‚
672 2989 723 3041 sed
743 2989 778 3040 de
796 2990 916 3042 credere
934 2990 1018 3044 dictis
1037 2989 1172 3043 Parrum:

123 3085 198 3137 adeo
216 3082 303 3149 longe
328 3096 363 3133 os
382 3080 459 3133 istud
478 3067 683 3148 blasphemum
701 3080 805 3133 abesse
824 3097 838 3131 a
856 3096 950 3149 scopo
970 3095 1025 3132 suo
1043 3078 1174 3149 propriu.

187 3172 310 3224 Caetera
333 3186 389 3223 vos
407 3169 556 3223 videritis:
581 3168 672 3221 modo
689 3167 760 3220 nihil
780 3168 936 3234 dulriteti8‚
964 3168 1097 3237 spiritum
1114 3185 1175 3220 ma·

121 3261 183 3315 lum
210 3277 251 3314 ex
276 3261 341 3330 ipso
367 3260 464 3329 loqui,
494 3269 630 3329 tanquam
654 3276 724 3311 vass
742 3274 797 3312 suo
816 3259 932 3329 propris
951 3253 1098 3324 obsesso,
1125 3258 1174 3328 qui

123 3353 224 3406 solum
242 3351 269 3404 id
289 3360 372 3419 agat,
390 3364 422 3402 ut
440 3367 454 3401 a
473 3349 626 3420 proposito
646 3349 797 3415 discedat,
815 3361 843 3403 et
860 3348 960 3402 multis
980 3347 1059 3401 libris
1077 3349 1174 3401 multi.

157 3596 159 3599 Ι
172 3544 194 3584 ·)
210 3540 285 3588 sture
298 3539 336 3582 trr
349 3536 431 3593 nouat
443 3556 448 3575 ι
460 3536 626 3585 strennuus
645 3536 749 3587 rtuir'duu
769 3537 791 3584 s.
813 3537 858 3580 aut
873 3535 954 3584 elatat
966 3536 1042 3586 ottrar‘
1053 3535 1093 3580 tas
1108 3535 1171 3587 ‘bric

122 3614 240 3666 uersuum.
267 3614 290 3660 ἓ,
305 3613 368 3661 tratre
382 3612 518 3661 trbartotrtr
533 3617 576 3655 aur
590 3610 691 3661 dtrrlltru
707 3611 770 3659 leura
783 3610 899 3660 tuttrrtrar't
912 3608 1036 3661 atistlidrtu
1050 3609 1171 3658 etatum,

121 3690 168 3730 uua
183 3689 246 3735 natta
260 3683 299 3733 sto
313 3685 357 3730 aut
369 3687 386 3728 t.
400 3685 465 3735 forte.
479 3686 533 3730 219·
547 3683 647 3731 rtrufru.
673 3684 702 3732 d.
716 3685 813 3735 tortura
827 3685 904 3728 uutttc
918 3684 957 3728 tra
967 3681 1109 3733 ttrttcttcbtrt
1122 3681 1172 3731 rut»

121 3759 184 3807 totu
198 3759 314 3809 strictam
330 3757 376 3801 unt
391 3757 458 3803 ratur
473 3756 516 3801 aus
530 3757 571 3800 teu
584 3756 676 3803 ‘Itinera
690 3754 806 3800 brurisrn.

172 3838 208 3880 ⁸⁸)
224 3831 275 3881 ttur'
286 3831 358 3879 sitite
371 3831 500 3882 uraurarut
514 3833 639 3874 utttutrttt
653 3830 675 3875 53.
690 3827 967 3879 intermortuarum
982 3830 1024 3872 κδ’
1038 3830 1077 3877 unt
1093 3823 1172 3876 Qut&

119 3904 206 3951 xt'lll.
221 3907 254 3955 Ε.
270 3907 327 3952 tadi.
342 3916 347 3922 ·

170 3986 220 4033 ⁴⁸⁸)
237 3979 315 4025 Auris.
330 3978 503 4032 interuentu-t:
518 3977 562 4036 Qui
577 3976 772 4028 vocabularium,
787 3976 821 4021 Ex
836 3988 881 4034 quo
895 4007 900 4028 ,
915 3970 1005 4032 legunt.
1022 3982 1052 4029 (Ζ)
