<?xml version="1.0" encoding="UTF-8"?>
<!DOCTYPE html PUBLIC "-//W3C//DTD XHTML 1.0 Transitional//EN"
    "http://www.w3.org/TR/xhtml1/DTD/xhtml1-transitional.dtd">
<html xmlns="http://www.w3.org/1999/xhtml" xml:lang="en" lang="en">
 <head>
  <title>
</title>
<meta http-equiv="Content-Type" content="text/html;charset=utf-8" />
  <meta name='ocr-system' content='tesseract 3.04.00' />
  <meta name='ocr-capabilities' content='ocr_page ocr_carea ocr_par ocr_line ocrx_word'/>
</head>
<body>
  <div class='ocr_page' id='page_1' title='image "./briefesendschre03luthgoog/briefesendschre03luthgoog_0700.png"; bbox 0 0 2586 4710; ppageno 0'>
   <div class='ocr_carea' id='block_1_1' title="bbox 116 286 689 411">
    <p class='ocr_par' dir='ltr' id='par_1_1' title="bbox 116 286 689 411">
     <span class='ocr_line' id='line_1_1' title="bbox 116 286 689 411; baseline -0.002 0"><span class='ocrx_word' id='word_1_1' title='bbox 116 342 178 411; x_wconf 79' lang='lat' dir='ltr'>oo</span> <span class='ocrx_word' id='word_1_2' title='bbox 420 286 424 291; x_wconf 37' lang='lat'>¹</span> <span class='ocrx_word' id='word_1_3' title='bbox 599 340 689 411; x_wconf 54' lang='grc' dir='ltr'>περς.</span> 
     </span>
    </p>
   </div>
   <div class='ocr_carea' id='block_1_2' title="bbox 114 500 1169 1465">
    <p class='ocr_par' dir='ltr' id='par_1_2' title="bbox 114 500 1169 1465">
     <span class='ocr_line' id='line_1_2' title="bbox 114 500 1169 575; baseline 0.002 -19"><span class='ocrx_word' id='word_1_4' title='bbox 114 508 278 574; x_wconf 85' lang='lat' dir='ltr'>perpetuo,</span> <span class='ocrx_word' id='word_1_5' title='bbox 304 501 371 558; x_wconf 82' lang='lat' dir='ltr'>ideo</span> <span class='ocrx_word' id='word_1_6' title='bbox 387 500 670 574; x_wconf 73' lang='lat' dir='ltr'>apprehendendum</span> <span class='ocrx_word' id='word_1_7' title='bbox 686 511 750 568; x_wconf 84' lang='lat' dir='ltr'>est,</span> <span class='ocrx_word' id='word_1_8' title='bbox 775 500 936 575; x_wconf 87' lang='lat' dir='ltr'>quicquid,</span> <span class='ocrx_word' id='word_1_9' title='bbox 960 501 1100 575; x_wconf 76' lang='lat' dir='ltr'>quando,</span> <span class='ocrx_word' id='word_1_10' title='bbox 1123 500 1169 558; x_wconf 82' lang='lat' dir='ltr'>ubi</span> 
     </span>
     <span class='ocr_line' id='line_1_3' title="bbox 115 589 1169 665; baseline -0.001 -19"><span class='ocrx_word' id='word_1_11' title='bbox 115 600 234 663; x_wconf 80' lang='lat' dir='ltr'>potest,</span> <span class='ocrx_word' id='word_1_12' title='bbox 258 591 457 647; x_wconf 78' lang='lat' dir='ltr'>uectabatur.</span> <span class='ocrx_word' id='word_1_13' title='bbox 492 589 583 665; x_wconf 82' lang='lat' dir='ltr'>Quod</span> <span class='ocrx_word' id='word_1_14' title='bbox 608 590 649 645; x_wconf 85' lang='lat' dir='ltr'>iili</span> <span class='ocrx_word' id='word_1_15' title='bbox 671 606 745 644; x_wconf 84' lang='lat' dir='ltr'>vero</span> <span class='ocrx_word' id='word_1_16' title='bbox 761 600 958 661; x_wconf 79' lang='lat' dir='ltr'>praetexunt,</span> <span class='ocrx_word' id='word_1_17' title='bbox 984 600 1090 646; x_wconf 82' lang='lat' dir='ltr'>certos</span> <span class='ocrx_word' id='word_1_18' title='bbox 1107 609 1169 647; x_wconf 79' lang='lat' dir='ltr'>sese</span> 
     </span>
     <span class='ocr_line' id='line_1_4' title="bbox 116 678 1168 749; baseline 0 -14"><span class='ocrx_word' id='word_1_19' title='bbox 116 682 182 735; x_wconf 78' lang='lat' dir='ltr'>fore</span> <span class='ocrx_word' id='word_1_20' title='bbox 199 681 235 735; x_wconf 86' lang='lat' dir='ltr'>de</span> <span class='ocrx_word' id='word_1_21' title='bbox 252 681 351 735; x_wconf 80' lang='lat' dir='ltr'>animo</span> <span class='ocrx_word' id='word_1_22' title='bbox 367 696 445 749; x_wconf 82' lang='lat' dir='ltr'>suo,</span> <span class='ocrx_word' id='word_1_23' title='bbox 461 682 585 736; x_wconf 78' lang='lat' dir='ltr'>stuttum</span> <span class='ocrx_word' id='word_1_24' title='bbox 601 688 654 733; x_wconf 78' lang='lat' dir='ltr'>est.</span> <span class='ocrx_word' id='word_1_25' title='bbox 688 678 808 734; x_wconf 83' lang='lat' dir='ltr'>Nuliius</span> <span class='ocrx_word' id='word_1_26' title='bbox 824 696 881 735; x_wconf 86' lang='lat' dir='ltr'>cor</span> <span class='ocrx_word' id='word_1_27' title='bbox 899 690 945 735; x_wconf 85' lang='lat' dir='ltr'>est</span> <span class='ocrx_word' id='word_1_28' title='bbox 963 681 992 735; x_wconf 91' lang='lat' dir='ltr'>in</span> <span class='ocrx_word' id='word_1_29' title='bbox 1005 698 1096 736; x_wconf 84' lang='lat' dir='ltr'>manu</span> <span class='ocrx_word' id='word_1_30' title='bbox 1107 699 1168 749; x_wconf 82' lang='lat' dir='ltr'>sua,</span> 
     </span>
     <span class='ocr_line' id='line_1_5' title="bbox 117 769 1169 841; baseline 0.003 -18"><span class='ocrx_word' id='word_1_31' title='bbox 117 770 250 825; x_wconf 75' lang='lat' dir='ltr'>diabolus</span> <span class='ocrx_word' id='word_1_32' title='bbox 267 770 493 840; x_wconf 81' lang='lat' dir='ltr'>potentissimus</span> <span class='ocrx_word' id='word_1_33' title='bbox 510 780 571 835; x_wconf 86' lang='lat' dir='ltr'>est,</span> <span class='ocrx_word' id='word_1_34' title='bbox 593 770 644 840; x_wconf 87' lang='lat' dir='ltr'>qui</span> <span class='ocrx_word' id='word_1_35' title='bbox 667 769 756 824; x_wconf 86' lang='lat' dir='ltr'>etiam</span> <span class='ocrx_word' id='word_1_36' title='bbox 772 770 955 841; x_wconf 79' lang='lat' dir='ltr'>conjunctos</span> <span class='ocrx_word' id='word_1_37' title='bbox 974 784 1093 840; x_wconf 80' lang='lat' dir='ltr'>separat</span> <span class='ocrx_word' id='word_1_38' title='bbox 1110 790 1169 826; x_wconf 83' lang='lat' dir='ltr'>sae.</span> 
     </span>
     <span class='ocr_line' id='line_1_6' title="bbox 116 858 1169 930; baseline 0.002 -17"><span class='ocrx_word' id='word_1_39' title='bbox 116 860 200 929; x_wconf 82' lang='lat' dir='ltr'>pios,</span> <span class='ocrx_word' id='word_1_40' title='bbox 224 868 253 913; x_wconf 84' lang='lat' dir='ltr'>et</span> <span class='ocrx_word' id='word_1_41' title='bbox 277 870 384 930; x_wconf 79' lang='lat' dir='ltr'>quanta</span> <span class='ocrx_word' id='word_1_42' title='bbox 408 872 479 915; x_wconf 80' lang='lat' dir='ltr'>suut</span> <span class='ocrx_word' id='word_1_43' title='bbox 500 860 637 929; x_wconf 77' lang='lat' dir='ltr'>exempla</span> <span class='ocrx_word' id='word_1_44' title='bbox 658 858 852 914; x_wconf 79' lang='lat' dir='ltr'>diremtomm</span> <span class='ocrx_word' id='word_1_45' title='bbox 878 862 1093 930; x_wconf 81' lang='lat' dir='ltr'>conjugiorum</span> <span class='ocrx_word' id='word_1_46' title='bbox 1111 864 1169 915; x_wconf 86' lang='lat' dir='ltr'>sota</span> 
     </span>
     <span class='ocr_line' id='line_1_7' title="bbox 117 948 1169 1025; baseline 0.002 -21"><span class='ocrx_word' id='word_1_47' title='bbox 117 950 176 1004; x_wconf 86' lang='lat' dir='ltr'>hac</span> <span class='ocrx_word' id='word_1_48' title='bbox 191 964 297 1017; x_wconf 83' lang='lat' dir='ltr'>causa,</span> <span class='ocrx_word' id='word_1_49' title='bbox 315 952 398 1022; x_wconf 87' lang='lat' dir='ltr'>quod</span> <span class='ocrx_word' id='word_1_50' title='bbox 414 949 500 1005; x_wconf 78' lang='lat' dir='ltr'>dilata</span> <span class='ocrx_word' id='word_1_51' title='bbox 516 950 656 1005; x_wconf 82' lang='lat' dir='ltr'>suerunt?</span> <span class='ocrx_word' id='word_1_52' title='bbox 685 948 804 1025; x_wconf 79' lang='lat' dir='ltr'>Quanto</span> <span class='ocrx_word' id='word_1_53' title='bbox 820 950 914 1020; x_wconf 84' lang='lat' dir='ltr'>magis</span> <span class='ocrx_word' id='word_1_54' title='bbox 935 952 988 1006; x_wconf 92' lang='lat' dir='ltr'>hic</span> <span class='ocrx_word' id='word_1_55' title='bbox 1006 953 1169 1023; x_wconf 84' lang='lat' dir='ltr'>periculum</span> 
     </span>
     <span class='ocr_line' id='line_1_8' title="bbox 117 1039 1168 1111; baseline 0.002 -17"><span class='ocrx_word' id='word_1_56' title='bbox 117 1040 311 1094; x_wconf 78' lang='lat' dir='ltr'>metuendum</span> <span class='ocrx_word' id='word_1_57' title='bbox 337 1050 400 1107; x_wconf 81' lang='lat' dir='ltr'>est,</span> <span class='ocrx_word' id='word_1_58' title='bbox 434 1039 486 1094; x_wconf 87' lang='lat' dir='ltr'>ubi</span> <span class='ocrx_word' id='word_1_59' title='bbox 510 1039 635 1093; x_wconf 78' lang='lat' dir='ltr'>necdum</span> <span class='ocrx_word' id='word_1_60' title='bbox 666 1049 762 1094; x_wconf 84' lang='lat' dir='ltr'>ratum</span> <span class='ocrx_word' id='word_1_61' title='bbox 790 1050 836 1094; x_wconf 86' lang='lat' dir='ltr'>est</span> <span class='ocrx_word' id='word_1_62' title='bbox 867 1041 965 1111; x_wconf 74' lang='lat' dir='ltr'>palam</span> <span class='ocrx_word' id='word_1_63' title='bbox 991 1044 1168 1111; x_wconf 77' lang='lat' dir='ltr'>conjugium.</span> 
     </span>
     <span class='ocr_line' id='line_1_9' title="bbox 120 1128 1169 1200; baseline 0.002 -18"><span class='ocrx_word' id='word_1_64' title='bbox 120 1129 232 1184; x_wconf 76' lang='lat' dir='ltr'>Contra</span> <span class='ocrx_word' id='word_1_65' title='bbox 247 1129 324 1183; x_wconf 87' lang='lat' dir='ltr'>haec</span> <span class='ocrx_word' id='word_1_66' title='bbox 342 1130 440 1184; x_wconf 89' lang='lat' dir='ltr'>omnia</span> <span class='ocrx_word' id='word_1_67' title='bbox 455 1146 494 1183; x_wconf 86' lang='lat' dir='ltr'>ne</span> <span class='ocrx_word' id='word_1_68' title='bbox 509 1128 567 1183; x_wconf 88' lang='lat' dir='ltr'>soii</span> <span class='ocrx_word' id='word_1_69' title='bbox 585 1138 733 1200; x_wconf 83' lang='lat' dir='ltr'><strong>pugnent,</strong></span> <span class='ocrx_word' id='word_1_70' title='bbox 755 1130 895 1184; x_wconf 85' lang='lat' dir='ltr'>monendi</span> <span class='ocrx_word' id='word_1_71' title='bbox 919 1142 1002 1186; x_wconf 87' lang='lat' dir='ltr'>sunt.</span> <span class='ocrx_word' id='word_1_72' title='bbox 1036 1132 1111 1187; x_wconf 80' lang='lat' dir='ltr'>Non</span> <span class='ocrx_word' id='word_1_73' title='bbox 1132 1137 1169 1186; x_wconf 82' lang='lat' dir='ltr'>fi.</span> 
     </span>
     <span class='ocr_line' id='line_1_10' title="bbox 120 1215 1169 1293; baseline 0.006 -24"><span class='ocrx_word' id='word_1_74' title='bbox 120 1216 198 1271; x_wconf 89' lang='lat' dir='ltr'>cient</span> <span class='ocrx_word' id='word_1_75' title='bbox 213 1215 288 1273; x_wconf 82' lang='lat' dir='ltr'>haec</span> <span class='ocrx_word' id='word_1_76' title='bbox 307 1232 373 1272; x_wconf 87' lang='lat' dir='ltr'>esse</span> <span class='ocrx_word' id='word_1_77' title='bbox 390 1234 463 1272; x_wconf 75' lang='lat' dir='ltr'>vana</span> <span class='ocrx_word' id='word_1_78' title='bbox 480 1224 511 1272; x_wconf 84' lang='lat' dir='ltr'>et</span> <span class='ocrx_word' id='word_1_79' title='bbox 527 1218 600 1271; x_wconf 80' lang='lat' dir='ltr'>falsa</span> <span class='ocrx_word' id='word_1_80' title='bbox 616 1232 673 1272; x_wconf 84' lang='lat' dir='ltr'>suo</span> <span class='ocrx_word' id='word_1_81' title='bbox 688 1232 750 1271; x_wconf 85' lang='lat' dir='ltr'>uno</span> <span class='ocrx_word' id='word_1_82' title='bbox 772 1229 803 1273; x_wconf 84' lang='lat' dir='ltr'>et</span> <span class='ocrx_word' id='word_1_83' title='bbox 819 1235 901 1274; x_wconf 86' lang='lat' dir='ltr'>novo</span> <span class='ocrx_word' id='word_1_84' title='bbox 918 1221 1083 1293; x_wconf 82' lang='lat' dir='ltr'>exemplo,</span> <span class='ocrx_word' id='word_1_85' title='bbox 1109 1222 1169 1275; x_wconf 85' lang='lat' dir='ltr'>ideo</span> 
     </span>
     <span class='ocr_line' id='line_1_11' title="bbox 120 1306 1169 1380; baseline 0.006 -21"><span class='ocrx_word' id='word_1_86' title='bbox 120 1316 254 1361; x_wconf 81' lang='lat' dir='ltr'>metuant</span> <span class='ocrx_word' id='word_1_87' title='bbox 264 1345 275 1373; x_wconf 90' lang='lat'><strong><em>,</em></strong></span> <span class='ocrx_word' id='word_1_88' title='bbox 291 1307 316 1360; x_wconf 81' lang='lat' dir='ltr'>si</span> <span class='ocrx_word' id='word_1_89' title='bbox 333 1322 372 1361; x_wconf 88' lang='lat' dir='ltr'>ex</span> <span class='ocrx_word' id='word_1_90' title='bbox 389 1306 493 1361; x_wconf 81' lang='lat' dir='ltr'>animis</span> <span class='ocrx_word' id='word_1_91' title='bbox 510 1306 634 1376; x_wconf 84' lang='lat' dir='ltr'>cupiunt</span> <span class='ocrx_word' id='word_1_92' title='bbox 650 1323 713 1361; x_wconf 83' lang='lat' dir='ltr'>rem</span> <span class='ocrx_word' id='word_1_93' title='bbox 733 1306 805 1362; x_wconf 80' lang='lat' dir='ltr'>fieri.</span> <span class='ocrx_word' id='word_1_94' title='bbox 838 1308 911 1362; x_wconf 82' lang='lat' dir='ltr'>Vale</span> <span class='ocrx_word' id='word_1_95' title='bbox 930 1324 961 1363; x_wconf 88' lang='lat' dir='ltr'>et</span> <span class='ocrx_word' id='word_1_96' title='bbox 979 1327 1033 1364; x_wconf 91' lang='lat' dir='ltr'>ora</span> <span class='ocrx_word' id='word_1_97' title='bbox 1051 1328 1106 1380; x_wconf 82' lang='lat' dir='ltr'>pro</span> <span class='ocrx_word' id='word_1_98' title='bbox 1118 1328 1169 1365; x_wconf 87' lang='lat' dir='ltr'>me.</span> 
     </span>
     <span class='ocr_line' id='line_1_12' title="bbox 119 1394 993 1465; baseline 0.005 -16"><span class='ocrx_word' id='word_1_99' title='bbox 119 1394 357 1465; x_wconf 78' lang='lat' dir='ltr'>Witembergae‚</span> <span class='ocrx_word' id='word_1_100' title='bbox 375 1395 405 1450; x_wconf 84' lang='lat' dir='ltr'>in</span> <span class='ocrx_word' id='word_1_101' title='bbox 421 1394 523 1465; x_wconf 76' lang='lat' dir='ltr'>Vigilia</span> <span class='ocrx_word' id='word_1_102' title='bbox 539 1394 711 1463; x_wconf 71' lang='lat' dir='ltr'>Trinitatis,</span> <span class='ocrx_word' id='word_1_103' title='bbox 730 1412 806 1459; x_wconf 80' lang='lat' dir='ltr'>anno</span> <span class='ocrx_word' id='word_1_104' title='bbox 821 1396 993 1453; x_wconf 79' lang='lat' dir='ltr'>MDXXV.</span> 
     </span>
    </p>
   </div>
   <div class='ocr_carea' id='block_1_3' title="bbox 808 1502 1140 1561">
    <p class='ocr_par' dir='ltr' id='par_1_3' title="bbox 808 1502 1140 1561">
     <span class='ocr_line' id='line_1_13' title="bbox 808 1502 1140 1561; baseline 0.012 -5"><span class='ocrx_word' id='word_1_105' title='bbox 808 1502 962 1559; x_wconf 84' lang='lat' dir='ltr'>Martinus</span> <span class='ocrx_word' id='word_1_106' title='bbox 979 1504 1140 1561; x_wconf 80' lang='lat' dir='ltr'>Lutherus.</span> 
     </span>
    </p>
   </div>
   <div class='ocr_carea' id='block_1_4' title="bbox 156 1830 1143 2063">
    <p class='ocr_par' dir='ltr' id='par_1_4' title="bbox 156 1830 1143 2063">
     <span class='ocr_line' id='line_1_14' title="bbox 156 1830 1143 1927; baseline 0.005 -40"><span class='ocrx_word' id='word_1_107' title='bbox 156 1836 197 1889; x_wconf 81' lang='lat'>12.</span> <span class='ocrx_word' id='word_1_108' title='bbox 214 1830 362 1901; x_wconf 66' lang='lat' dir='ltr'>anatot.</span> <span class='ocrx_word' id='word_1_109' title='bbox 903 1836 958 1891; x_wconf 84' lang='lat' dir='ltr'>N0.</span> <span class='ocrx_word' id='word_1_110' title='bbox 976 1836 1143 1927; x_wconf 68' lang='lat' dir='ltr'>Doextt&#39;.</span> 
     </span>
     <span class='ocr_line' id='line_1_15' title="bbox 459 1980 827 2063; baseline 0.008 -12"><span class='ocrx_word' id='word_1_111' title='bbox 459 1980 509 2052; x_wconf 71' lang='lat' dir='ltr'>ita</span> <span class='ocrx_word' id='word_1_112' title='bbox 529 1984 611 2057; x_wconf 74' lang='lat' dir='ltr'>titt.</span> <span class='ocrx_word' id='word_1_113' title='bbox 634 1981 827 2063; x_wconf 61' lang='lat' dir='ltr'>tutiori.</span> 
     </span>
    </p>
   </div>
   <div class='ocr_carea' id='block_1_5' title="bbox 394 2140 891 2198">
    <p class='ocr_par' dir='ltr' id='par_1_5' title="bbox 394 2140 891 2198">
     <span class='ocr_line' id='line_1_16' title="bbox 394 2140 891 2198; baseline -0.004 -7"><span class='ocrx_word' id='word_1_114' title='bbox 394 2140 481 2195; x_wconf 67' lang='lat' dir='ltr'>OEtatrc</span> <span class='ocrx_word' id='word_1_115' title='bbox 493 2140 642 2193; x_wconf 67' lang='lat' dir='ltr'>scortata</span> <span class='ocrx_word' id='word_1_116' title='bbox 656 2148 710 2191; x_wconf 70' lang='lat' dir='ltr'>aon</span> <span class='ocrx_word' id='word_1_117' title='bbox 722 2142 891 2198; x_wconf 62' lang='lat' dir='ltr'>muneratori„</span> 
     </span>
    </p>
   </div>
   <div class='ocr_carea' id='block_1_6' title="bbox 273 2374 1024 2429">
    <p class='ocr_par' dir='ltr' id='par_1_6' title="bbox 273 2374 1024 2429">
     <span class='ocr_line' id='line_1_17' title="bbox 273 2374 1024 2429; baseline 0.005 -9"><span class='ocrx_word' id='word_1_118' title='bbox 273 2374 324 2427; x_wconf 64' lang='lat' dir='ltr'>men</span> <span class='ocrx_word' id='word_1_119' title='bbox 337 2374 500 2422; x_wconf 78' lang='lat' dir='ltr'>Aurtraber</span> <span class='ocrx_word' id='word_1_120' title='bbox 511 2375 540 2422; x_wconf 88' lang='grc' dir='ltr'>Π.</span> <span class='ocrx_word' id='word_1_121' title='bbox 554 2377 599 2424; x_wconf 80' lang='lat'><strong>2⁹0.</strong></span> <span class='ocrx_word' id='word_1_122' title='bbox 625 2376 724 2429; x_wconf 71' lang='lat' dir='ltr'>scutra</span> <span class='ocrx_word' id='word_1_123' title='bbox 738 2378 778 2429; x_wconf 74' lang='lat' dir='ltr'>tea</span> <span class='ocrx_word' id='word_1_124' title='bbox 791 2378 886 2426; x_wconf 59' lang='lat' dir='ltr'>worn</span> <span class='ocrx_word' id='word_1_125' title='bbox 901 2378 964 2424; x_wconf 72' lang='lat' dir='ltr'>XVI.</span> <span class='ocrx_word' id='word_1_126' title='bbox 981 2382 1024 2428; x_wconf 65' lang='lat' dir='ltr'>tto.</span> 
     </span>
    </p>
   </div>
   <div class='ocr_carea' id='block_1_7' title="bbox 122 2510 1162 2896">
    <p class='ocr_par' dir='ltr' id='par_1_7' title="bbox 122 2510 1162 2896">
     <span class='ocr_line' id='line_1_18' title="bbox 123 2510 1162 2626; baseline 0.002 -18"><span class='ocrx_word' id='word_1_127' title='bbox 123 2510 235 2609; x_wconf 75' lang='lat' dir='ltr'>Gratia</span> <span class='ocrx_word' id='word_1_128' title='bbox 253 2564 281 2609; x_wconf 89' lang='lat' dir='ltr'>et</span> <span class='ocrx_word' id='word_1_129' title='bbox 298 2573 356 2626; x_wconf 84' lang='lat' dir='ltr'>pax</span> <span class='ocrx_word' id='word_1_130' title='bbox 374 2556 403 2611; x_wconf 90' lang='lat' dir='ltr'>in</span> <span class='ocrx_word' id='word_1_131' title='bbox 419 2556 564 2612; x_wconf 86' lang='lat' dir='ltr'>Domino.</span> <span class='ocrx_word' id='word_1_132' title='bbox 599 2558 715 2625; x_wconf 84' lang='lat' dir='ltr'>Credo,</span> <span class='ocrx_word' id='word_1_133' title='bbox 741 2558 781 2612; x_wconf 92' lang='lat' dir='ltr'>mi</span> <span class='ocrx_word' id='word_1_134' title='bbox 803 2559 975 2625; x_wconf 68' lang='lat' dir='ltr'>mosomii,</span> <span class='ocrx_word' id='word_1_135' title='bbox 1000 2560 1096 2612; x_wconf 86' lang='lat' dir='ltr'>omnia</span> <span class='ocrx_word' id='word_1_136' title='bbox 1118 2554 1162 2611; x_wconf 75' lang='lat' dir='ltr'>int</span> 
     </span>
     <span class='ocr_line' id='line_1_19' title="bbox 122 2646 1162 2718; baseline 0 -19"><span class='ocrx_word' id='word_1_137' title='bbox 122 2660 190 2700; x_wconf 85' lang='lat' dir='ltr'>esse</span> <span class='ocrx_word' id='word_1_138' title='bbox 208 2646 340 2715; x_wconf 84' lang='lat' dir='ltr'>cognita,</span> <span class='ocrx_word' id='word_1_139' title='bbox 364 2664 439 2718; x_wconf 81' lang='lat' dir='ltr'>quae</span> <span class='ocrx_word' id='word_1_140' title='bbox 457 2647 542 2702; x_wconf 89' lang='lat' dir='ltr'>Satan</span> <span class='ocrx_word' id='word_1_141' title='bbox 561 2665 612 2718; x_wconf 83' lang='lat' dir='ltr'>per</span> <span class='ocrx_word' id='word_1_142' title='bbox 631 2649 760 2701; x_wconf 86' lang='lat' dir='ltr'>rusticos</span> <span class='ocrx_word' id='word_1_143' title='bbox 787 2648 814 2701; x_wconf 89' lang='lat' dir='ltr'>in</span> <span class='ocrx_word' id='word_1_144' title='bbox 833 2649 994 2702; x_wconf 79' lang='lat' dir='ltr'>Franconia</span> <span class='ocrx_word' id='word_1_145' title='bbox 1014 2664 1162 2718; x_wconf 75' lang='lat' dir='ltr'>perpetrat.</span> 
     </span>
     <span class='ocr_line' id='line_1_20' title="bbox 122 2732 1161 2807; baseline 0.002 -19"><span class='ocrx_word' id='word_1_146' title='bbox 122 2732 239 2788; x_wconf 84' lang='lat' dir='ltr'>Deinde</span> <span class='ocrx_word' id='word_1_147' title='bbox 264 2734 288 2787; x_wconf 89' lang='lat' dir='ltr'>is</span> <span class='ocrx_word' id='word_1_148' title='bbox 305 2735 453 2790; x_wconf 85' lang='lat' dir='ltr'>Henrious&#39;</span> <span class='ocrx_word' id='word_1_149' title='bbox 470 2746 539 2790; x_wconf 87' lang='lat' dir='ltr'>tuus</span> <span class='ocrx_word' id='word_1_150' title='bbox 555 2738 621 2789; x_wconf 83' lang='lat' dir='ltr'>viva</span> <span class='ocrx_word' id='word_1_151' title='bbox 639 2738 764 2807; x_wconf 84' lang='lat' dir='ltr'>epistola</span> <span class='ocrx_word' id='word_1_152' title='bbox 786 2738 884 2790; x_wconf 84' lang='lat' dir='ltr'>omnia</span> <span class='ocrx_word' id='word_1_153' title='bbox 900 2739 1008 2792; x_wconf 87' lang='lat' dir='ltr'>melius</span> <span class='ocrx_word' id='word_1_154' title='bbox 1027 2738 1161 2802; x_wconf 74' lang='lat' dir='ltr'>narrabit,</span> 
     </span>
     <span class='ocr_line' id='line_1_21' title="bbox 123 2823 1161 2896; baseline 0.002 -21"><span class='ocrx_word' id='word_1_155' title='bbox 123 2840 198 2893; x_wconf 83' lang='lat' dir='ltr'>quae</span> <span class='ocrx_word' id='word_1_156' title='bbox 214 2823 265 2877; x_wconf 91' lang='lat' dir='ltr'>hic</span> <span class='ocrx_word' id='word_1_157' title='bbox 289 2824 406 2879; x_wconf 83' lang='lat' dir='ltr'>audivit.</span> <span class='ocrx_word' id='word_1_158' title='bbox 439 2824 504 2892; x_wconf 81' lang='lat' dir='ltr'>Ego</span> <span class='ocrx_word' id='word_1_159' title='bbox 528 2835 609 2879; x_wconf 85' lang='lat' dir='ltr'>certe</span> <span class='ocrx_word' id='word_1_160' title='bbox 634 2835 667 2880; x_wconf 91' lang='lat' dir='ltr'>ut</span> <span class='ocrx_word' id='word_1_161' title='bbox 689 2837 761 2896; x_wconf 94' lang='lat' dir='ltr'>opto</span> <span class='ocrx_word' id='word_1_162' title='bbox 785 2827 902 2881; x_wconf 86' lang='lat' dir='ltr'>rusticis</span> <span class='ocrx_word' id='word_1_163' title='bbox 926 2844 1031 2881; x_wconf 86' lang='lat' dir='ltr'>sanum</span> <span class='ocrx_word' id='word_1_164' title='bbox 1053 2842 1161 2880; x_wconf 85' lang='lat' dir='ltr'>sensum</span> 
     </span>
    </p>
   </div>
   <div class='ocr_carea' id='block_1_8' title="bbox 20 2914 1161 2987">
    <p class='ocr_par' dir='ltr' id='par_1_8' title="bbox 20 2914 1161 2987">
     <span class='ocr_line' id='line_1_22' title="bbox 20 2914 1161 2987; baseline 0.003 -21"><span class='ocrx_word' id='word_1_165' title='bbox 20 2945 25 2955; x_wconf 91' lang='lat'>·</span> <span class='ocrx_word' id='word_1_166' title='bbox 123 2914 200 2981; x_wconf 83' lang='lat' dir='ltr'>dari,</span> <span class='ocrx_word' id='word_1_167' title='bbox 226 2916 263 2969; x_wconf 86' lang='lat' dir='ltr'>ita</span> <span class='ocrx_word' id='word_1_168' title='bbox 279 2926 395 2981; x_wconf 87' lang='lat' dir='ltr'>metuo,</span> <span class='ocrx_word' id='word_1_169' title='bbox 420 2922 457 2969; x_wconf 85' lang='lat' dir='ltr'>rte</span> <span class='ocrx_word' id='word_1_170' title='bbox 483 2915 621 2969; x_wconf 87' lang='lat' dir='ltr'>induratis</span> <span class='ocrx_word' id='word_1_171' title='bbox 642 2928 671 2969; x_wconf 86' lang='lat' dir='ltr'>et</span> <span class='ocrx_word' id='word_1_172' title='bbox 688 2916 854 2970; x_wconf 86' lang='lat' dir='ltr'>excaecatis</span> <span class='ocrx_word' id='word_1_173' title='bbox 873 2918 959 2971; x_wconf 82' lang='lat' dir='ltr'>furor</span> <span class='ocrx_word' id='word_1_174' title='bbox 975 2918 1037 2971; x_wconf 82' lang='lat' dir='ltr'>Dei</span> <span class='ocrx_word' id='word_1_175' title='bbox 1055 2932 1161 2987; x_wconf 78' lang='lat' dir='ltr'>grai-ent</span> 
     </span>
    </p>
   </div>
   <div class='ocr_carea' id='block_1_9' title="bbox 124 3004 1175 3789">
    <p class='ocr_par' dir='ltr' id='par_1_9' title="bbox 124 3004 1175 3789">
     <span class='ocr_line' id='line_1_23' title="bbox 124 3004 1163 3076; baseline 0 -18"><span class='ocrx_word' id='word_1_176' title='bbox 124 3015 250 3073; x_wconf 86' lang='lat' dir='ltr'>stragem</span> <span class='ocrx_word' id='word_1_177' title='bbox 273 3005 311 3060; x_wconf 88' lang='lat' dir='ltr'>sit</span> <span class='ocrx_word' id='word_1_178' title='bbox 336 3005 485 3059; x_wconf 87' lang='lat' dir='ltr'>allaturus.</span> <span class='ocrx_word' id='word_1_179' title='bbox 526 3004 660 3059; x_wconf 81' lang='lat' dir='ltr'>Pessima</span> <span class='ocrx_word' id='word_1_180' title='bbox 684 3015 813 3076; x_wconf 83' lang='lat' dir='ltr'>pugnant</span> <span class='ocrx_word' id='word_1_181' title='bbox 836 3008 1037 3074; x_wconf 82' lang='lat' dir='ltr'>conscientia,</span> <span class='ocrx_word' id='word_1_182' title='bbox 1071 3007 1163 3061; x_wconf 76' lang='lat' dir='ltr'>deinde</span> 
     </span>
     <span class='ocr_line' id='line_1_24' title="bbox 125 3094 1167 3164; baseline -0.003 -17"><span class='ocrx_word' id='word_1_183' title='bbox 125 3094 235 3148; x_wconf 81' lang='lat' dir='ltr'>coactis</span> <span class='ocrx_word' id='word_1_184' title='bbox 254 3095 381 3164; x_wconf 84' lang='lat' dir='ltr'>pervim</span> <span class='ocrx_word' id='word_1_185' title='bbox 399 3103 427 3148; x_wconf 84' lang='lat' dir='ltr'>ct</span> <span class='ocrx_word' id='word_1_186' title='bbox 444 3094 540 3148; x_wconf 84' lang='lat' dir='ltr'>invitis</span> <span class='ocrx_word' id='word_1_187' title='bbox 551 3094 649 3147; x_wconf 88' lang='lat' dir='ltr'>multis</span> <span class='ocrx_word' id='word_1_188' title='bbox 667 3095 726 3147; x_wconf 89' lang='lat' dir='ltr'>suis</span> <span class='ocrx_word' id='word_1_189' title='bbox 738 3094 840 3149; x_wconf 90' lang='lat' dir='ltr'>sociis.</span> <span class='ocrx_word' id='word_1_190' title='bbox 875 3094 993 3150; x_wconf 83' lang='lat' dir='ltr'>Noster</span> <span class='ocrx_word' id='word_1_191' title='bbox 1009 3114 1077 3150; x_wconf 82' lang='lat' dir='ltr'>sane</span> <span class='ocrx_word' id='word_1_192' title='bbox 1089 3095 1167 3149; x_wconf 88' lang='lat' dir='ltr'>Prin.</span> 
     </span>
     <span class='ocr_line' id='line_1_25' title="bbox 124 3182 1167 3254; baseline -0.002 -17"><span class='ocrx_word' id='word_1_193' title='bbox 124 3198 196 3254; x_wconf 84' lang='lat' dir='ltr'>ceps</span> <span class='ocrx_word' id='word_1_194' title='bbox 220 3182 334 3236; x_wconf 80' lang='lat' dir='ltr'>fortiter</span> <span class='ocrx_word' id='word_1_195' title='bbox 355 3192 480 3236; x_wconf 83' lang='lat' dir='ltr'>armatus</span> <span class='ocrx_word' id='word_1_196' title='bbox 505 3182 659 3254; x_wconf 83' lang='lat' dir='ltr'>profectus</span> <span class='ocrx_word' id='word_1_197' title='bbox 688 3192 733 3236; x_wconf 84' lang='lat' dir='ltr'>est</span> <span class='ocrx_word' id='word_1_198' title='bbox 756 3182 838 3252; x_wconf 84' lang='lat' dir='ltr'>pacis</span> <span class='ocrx_word' id='word_1_199' title='bbox 871 3193 900 3237; x_wconf 90' lang='lat' dir='ltr'>et</span> <span class='ocrx_word' id='word_1_200' title='bbox 924 3185 1167 3238; x_wconf 75' lang='lat' dir='ltr'>reconciliationis</span> 
     </span>
     <span class='ocr_line' id='line_1_26' title="bbox 126 3270 1168 3344; baseline -0.003 -19"><span class='ocrx_word' id='word_1_201' title='bbox 126 3272 231 3341; x_wconf 82' lang='lat' dir='ltr'>gratia,</span> <span class='ocrx_word' id='word_1_202' title='bbox 249 3279 281 3324; x_wconf 86' lang='lat' dir='ltr'>ut</span> <span class='ocrx_word' id='word_1_203' title='bbox 297 3272 386 3340; x_wconf 83' lang='lat' dir='ltr'>ajunt.</span> <span class='ocrx_word' id='word_1_204' title='bbox 421 3270 560 3325; x_wconf 88' lang='lat' dir='ltr'>Marchio</span> <span class='ocrx_word' id='word_1_205' title='bbox 579 3270 738 3326; x_wconf 78' lang='lat' dir='ltr'>casimirus</span> <span class='ocrx_word' id='word_1_206' title='bbox 753 3270 921 3325; x_wconf 84' lang='lat' dir='ltr'>Neuenstat</span> <span class='ocrx_word' id='word_1_207' title='bbox 942 3274 1060 3327; x_wconf 78' lang='lat' dir='ltr'>fortiter</span> <span class='ocrx_word' id='word_1_208' title='bbox 1081 3290 1168 3344; x_wconf 85' lang='lat' dir='ltr'>oppu.</span> 
     </span>
     <span class='ocr_line' id='line_1_27' title="bbox 126 3358 1169 3431; baseline -0.004 -17"><span class='ocrx_word' id='word_1_209' title='bbox 126 3372 211 3431; x_wconf 77' lang='lat' dir='ltr'>goat,</span> <span class='ocrx_word' id='word_1_210' title='bbox 235 3358 284 3413; x_wconf 88' lang='lat' dir='ltr'>ubi</span> <span class='ocrx_word' id='word_1_211' title='bbox 307 3374 361 3413; x_wconf 84' lang='lat' dir='ltr'>sex</span> <span class='ocrx_word' id='word_1_212' title='bbox 378 3358 466 3412; x_wconf 79' lang='lat' dir='ltr'>millia</span> <span class='ocrx_word' id='word_1_213' title='bbox 491 3360 669 3414; x_wconf 87' lang='lat' dir='ltr'>rusticorum</span> <span class='ocrx_word' id='word_1_214' title='bbox 693 3361 825 3414; x_wconf 81' lang='lat' dir='ltr'>feruntur</span> <span class='ocrx_word' id='word_1_215' title='bbox 847 3360 1042 3415; x_wconf 83' lang='lat' dir='ltr'>confluxisse.</span> <span class='ocrx_word' id='word_1_216' title='bbox 1077 3363 1169 3415; x_wconf 78' lang='lat' dir='ltr'>Socir.</span> 
     </span>
     <span class='ocr_line' id='line_1_28' title="bbox 127 3449 1170 3521; baseline 0.001 -17"><span class='ocrx_word' id='word_1_217' title='bbox 127 3460 171 3506; x_wconf 86' lang='lat' dir='ltr'>tas</span> <span class='ocrx_word' id='word_1_218' title='bbox 188 3449 310 3505; x_wconf 82' lang='lat' dir='ltr'>Suevica</span> <span class='ocrx_word' id='word_1_219' title='bbox 335 3465 374 3502; x_wconf 89' lang='lat' dir='ltr'>ex</span> <span class='ocrx_word' id='word_1_220' title='bbox 397 3451 449 3503; x_wconf 84' lang='lat' dir='ltr'>alia</span> <span class='ocrx_word' id='word_1_221' title='bbox 466 3460 547 3520; x_wconf 87' lang='lat' dir='ltr'>parte</span> <span class='ocrx_word' id='word_1_222' title='bbox 572 3466 624 3504; x_wconf 83' lang='lat' dir='ltr'>eos</span> <span class='ocrx_word' id='word_1_223' title='bbox 650 3450 773 3517; x_wconf 84' lang='lat' dir='ltr'>invadit,</span> <span class='ocrx_word' id='word_1_224' title='bbox 798 3467 837 3504; x_wconf 85' lang='lat' dir='ltr'>ex</span> <span class='ocrx_word' id='word_1_225' title='bbox 860 3452 911 3503; x_wconf 78' lang='lat' dir='ltr'>aii-a</span> <span class='ocrx_word' id='word_1_226' title='bbox 928 3451 1170 3521; x_wconf 79' lang='lat' dir='ltr'>ilennebergius,</span> 
     </span>
     <span class='ocr_line' id='line_1_29' title="bbox 126 3539 1174 3612; baseline -0.002 -17"><span class='ocrx_word' id='word_1_227' title='bbox 126 3542 287 3595; x_wconf 86' lang='lat' dir='ltr'>miserrima</span> <span class='ocrx_word' id='word_1_228' title='bbox 305 3539 415 3611; x_wconf 84' lang='lat' dir='ltr'>ubique</span> <span class='ocrx_word' id='word_1_229' title='bbox 433 3540 539 3593; x_wconf 84' lang='lat' dir='ltr'>caedes</span> <span class='ocrx_word' id='word_1_230' title='bbox 557 3555 695 3609; x_wconf 81' lang='lat' dir='ltr'>apparere</span> <span class='ocrx_word' id='word_1_231' title='bbox 713 3540 823 3612; x_wconf 85' lang='lat' dir='ltr'>incipit.</span> <span class='ocrx_word' id='word_1_232' title='bbox 857 3540 950 3611; x_wconf 84' lang='lat' dir='ltr'>Spero</span> <span class='ocrx_word' id='word_1_233' title='bbox 969 3553 1038 3596; x_wconf 88' lang='lat' dir='ltr'>tuos</span> <span class='ocrx_word' id='word_1_234' title='bbox 1055 3545 1174 3597; x_wconf 87' lang='lat' dir='ltr'>concio.</span> 
     </span>
     <span class='ocr_line' id='line_1_30' title="bbox 126 3628 1174 3701; baseline 0 -17"><span class='ocrx_word' id='word_1_235' title='bbox 126 3642 245 3685; x_wconf 76' lang='lat' dir='ltr'>nitores</span> <span class='ocrx_word' id='word_1_236' title='bbox 258 3631 304 3689; x_wconf 89' lang='lat' dir='ltr'>vel</span> <span class='ocrx_word' id='word_1_237' title='bbox 317 3629 492 3699; x_wconf 81' lang='lat' dir='ltr'>resipiscere</span> <span class='ocrx_word' id='word_1_238' title='bbox 504 3628 551 3683; x_wconf 89' lang='lat' dir='ltr'>vel</span> <span class='ocrx_word' id='word_1_239' title='bbox 570 3628 709 3697; x_wconf 87' lang='lat' dir='ltr'>impedire</span> <span class='ocrx_word' id='word_1_240' title='bbox 722 3631 846 3683; x_wconf 87' lang='lat' dir='ltr'>tandem.</span> <span class='ocrx_word' id='word_1_241' title='bbox 882 3631 933 3683; x_wconf 90' lang='lat' dir='ltr'>Tu</span> <span class='ocrx_word' id='word_1_242' title='bbox 947 3647 999 3701; x_wconf 86' lang='lat' dir='ltr'>pro</span> <span class='ocrx_word' id='word_1_243' title='bbox 1012 3649 1063 3684; x_wconf 78' lang='lat' dir='ltr'>nie</span> <span class='ocrx_word' id='word_1_244' title='bbox 1078 3650 1130 3686; x_wconf 89' lang='lat' dir='ltr'>ora</span> <span class='ocrx_word' id='word_1_245' title='bbox 1142 3650 1174 3685; x_wconf 83' lang='lat' dir='ltr'>ac</span> 
     </span>
     <span class='ocr_line' id='line_1_31' title="bbox 127 3717 1175 3789; baseline 0.002 -14"><span class='ocrx_word' id='word_1_246' title='bbox 127 3720 201 3775; x_wconf 76' lang='lat' dir='ltr'>vate.</span> <span class='ocrx_word' id='word_1_247' title='bbox 224 3719 456 3789; x_wconf 78' lang='lat' dir='ltr'>Witembcrgae,</span> <span class='ocrx_word' id='word_1_248' title='bbox 469 3717 539 3771; x_wconf 83' lang='lat' dir='ltr'>feria</span> <span class='ocrx_word' id='word_1_249' title='bbox 550 3719 575 3770; x_wconf 83' lang='lat'>2.</span> <span class='ocrx_word' id='word_1_250' title='bbox 588 3728 692 3770; x_wconf 82' lang='lat' dir='ltr'>octava</span> <span class='ocrx_word' id='word_1_251' title='bbox 703 3717 902 3785; x_wconf 83' lang='lat' dir='ltr'>Pentecostis,</span> <span class='ocrx_word' id='word_1_252' title='bbox 918 3737 994 3774; x_wconf 85' lang='lat' dir='ltr'>anno</span> <span class='ocrx_word' id='word_1_253' title='bbox 1008 3719 1175 3777; x_wconf 75' lang='lat' dir='ltr'>MDxxv.</span> 
     </span>
    </p>
   </div>
   <div class='ocr_carea' id='block_1_10' title="bbox 810 3823 1145 3881">
    <p class='ocr_par' dir='ltr' id='par_1_10' title="bbox 810 3823 1145 3881">
     <span class='ocr_line' id='line_1_32' title="bbox 810 3823 1145 3881; baseline 0.003 -1"><span class='ocrx_word' id='word_1_254' title='bbox 810 3823 961 3881; x_wconf 84' lang='lat' dir='ltr'>Martinus</span> <span class='ocrx_word' id='word_1_255' title='bbox 979 3826 1145 3881; x_wconf 83' lang='lat' dir='ltr'>Lutherus.</span> 
     </span>
    </p>
   </div>
   <div class='ocr_carea' id='block_1_11' title="bbox 0 0 1305 4710">
    <p class='ocr_par' dir='ltr' id='par_1_11' title="bbox 0 0 1305 4710">
     <span class='ocr_line' id='line_1_33' title="bbox 0 0 1305 4710; baseline 0 0"><span class='ocrx_word' id='word_1_256' title='bbox 0 0 1305 4710; x_wconf 95' lang='lat' dir='ltr'> </span> 
     </span>
    </p>
   </div>
  </div>
 </body>
</html>
