2574 4724
538 315 627 383 1522.
894 374 896 379 ,
1051 310 1111 379 261

64 466 199 535 Ecclesia
215 477 263 526 est
279 469 419 527 audienda
430 471 456 538 ¹>
473 472 545 528 sola.
581 479 605 528 1.
618 471 753 526 Corinth.
768 470 836 528 XIV
845 487 852 526 :
870 467 908 526 Si
923 468 1043 526 sedenti
1058 485 1111 527 res

63 559 201 615 matum
212 556 321 630 faerit
343 570 399 615 etc.
434 560 481 615 Ilii
495 571 610 629 autem,
628 576 705 631 qnos
726 560 886 615 Minoritae
903 561 1044 629 allegant,
1060 568 1112 614 aut

65 649 187 704 luerunt
201 649 300 721 impii,
317 650 392 704 sicut
404 651 499 704 adhuc
510 661 596 719 sunt,
614 660 662 705 aut
674 651 698 704 ai
713 650 834 704 Sanctos
847 650 987 718 allegant,
1004 648 1112 705 debeat

62 737 193 809 primum
217 737 365 809 probare,
390 739 511 793 Sanctos
537 755 597 794 non
625 754 738 794 errasse
763 740 793 792 in
815 739 863 793 tali
886 749 1017 809 puncto,
1042 755 1112 795 cam

61 827 133 882 alias
144 841 233 898 saepe
245 828 378 882 errarint.
412 830 546 895 Summa,
564 844 633 882 cuin
644 828 809 897 Augustino
820 843 908 898 supra
925 828 1005 882 dicto
1012 867 1022 896 ,
1039 828 1112 883 nulli

61 927 134 972 sunt
149 915 303 984 audiendi,
317 917 380 979 ,nisi
398 917 549 971 canonicis
567 917 648 971 libris
661 932 715 972 sus
732 916 876 987 probent,
899 916 1114 986 quantamlibet

60 1005 157 1064 sancti
172 1015 221 1061 aut
236 1006 340 1060 cruditi
363 1007 430 1062 sint.
465 1006 556 1080 Quod
574 1007 662 1061 etiam
681 1005 790 1061 Paulus
808 1007 893 1061 dicit:
922 1007 1024 1061 Nemo
1040 1007 1113 1080 qlo-

60 1096 168 1155 ra'etur
183 1095 218 1170 ἰῃ
232 1093 421 1151 homitibus.
454 1097 534 1151 Nam
552 1096 577 1150 si
594 1096 663 1151 satis
680 1105 725 1151 est
741 1082 862 1151 illorum
877 1095 1047 1151 Ecclesiam
1064 1097 1112 1153 sic

61 1185 195 1243 sensisse
215 1184 363 1250 ,hactenus
387 1195 417 1240 et
438 1185 593 1250 docuisse,
614 1195 684 1241 tuac
709 1185 797 1240 etiam
812 1186 1005 1241 scortandum
1022 1196 1052 1240 st
1067 1203 1112 1241 aa.

58 1274 205 1349 piendum
220 1284 250 1330 et
268 1275 356 1346 impie
374 1276 518 1345 agendum
539 1286 601 1343 est,
626 1275 693 1347 quia
711 1276 807 1345 major
822 1292 890 1346 pars
905 1273 988 1331 istius
1005 1292 1110 1333 eorum

59 1363 217 1423 Ecclesiae
235 1363 290 1417 luit
306 1363 395 1435 impia
413 1374 444 1425 et
465 1363 617 1434 peccatrix
641 1363 767 1433 pessima
790 1378 918 1435 semper.
951 1364 1023 1420 ideo
1046 1365 1111 1422 sinc

59 1453 164 1511 verbis
177 1453 240 1508 Dei
256 1469 313 1507 nec
331 1451 470 1508 Ecclesia
486 1463 548 1521 est,
565 1470 623 1507 nec
642 1451 793 1508 Ecclesiae
811 1454 951 1510 creditur.

65 1597 70 1608 ·
126 1556 266 1615 Tertium
283 1575 338 1630 per
353 1575 387 1613 se
405 1560 481 1625 ruit,
499 1558 578 1629 quod
595 1558 714 1626 dicunt,
730 1568 791 1614 teto
804 1559 909 1612 addere
920 1559 1019 1614 verbis
1029 1559 1111 1629 Dei,

63 1649 134 1721 qnia
157 1663 248 1718 negas
272 1647 443 1701 Ecclesiam
469 1648 602 1701 illorum:
628 1647 714 1702 stulta
732 1647 847 1702 scilicet
864 1648 939 1702 haec
963 1658 992 1702 et
1014 1648 1112 1703 homi.

58 1755 133 1797 nam
148 1737 346 1797 nescientium
364 1738 434 1809 quid
458 1738 555 1792 dicant
572 1738 645 1809 ipsi,
672 1755 742 1792 cum
764 1756 825 1793 non
848 1740 965 1794 sithoc
983 1740 1110 1810 addere,

60 1827 170 1902 siquis
188 1827 294 1898 aliquid
312 1838 458 1883 assertum
475 1826 511 1881 ab
527 1828 574 1881 illa
590 1826 729 1881 Ecclesia
745 1839 850 1897 neget,
876 1828 929 1883 sed
954 1829 1052 1897 potius
1069 1829 1112 1883 di.

59 1919 204 1976 minuere.
237 1916 330 1987 igitur
345 1916 441 1972 donec
466 1915 612 1988 probent,
639 1928 723 1970 suam
746 1916 916 1972 Ecclesiam
936 1917 1111 1978 ,Ecclesiam

62 2024 131 2066 esse
138 2048 149 2078 ,
158 2018 196 2064 st
205 2024 277 2064 suae
288 2006 443 2062 Ecclesiae
455 2005 580 2062 verbum
592 2006 651 2060 Dei
660 2005 787 2061 verbnm
799 2022 866 2062 esse
873 2041 883 2069 ,
899 2006 973 2061 nihii
985 2007 1110 2077 iaciunt,

60 2098 261 2156 affirmativam
278 2113 339 2152 non
357 2097 516 2163 affirment,
533 2105 563 2150 et
580 2104 635 2150 stat
652 2112 705 2150 sua
721 2096 863 2165 negativa.

63 2230 68 2240 ·
126 2203 221 2280 Quod
237 2213 335 2258 autem
352 2205 475 2273 allegant
484 2241 494 2269 ,
519 2201 706 2256 sacrificinm
724 2203 787 2257 hoc
808 2219 876 2258 esse
894 2219 949 2275 pro
966 2204 1109 2259 memoria

61 2293 176 2351 Christi
196 2291 375 2361 institutum,
401 2303 429 2347 et
453 2291 593 2345 ruituram
615 2291 788 2345 memoriam
810 2291 955 2363 passionis
974 2293 1057 2361 ejus,
1081 2293 1108 2350 si

60 2384 172 2441 mium
190 2391 328 2455 cessent,
355 2392 385 2437 et
408 2382 480 2436 alia:
500 2381 611 2435 scimus
630 2380 749 2435 missam
768 2397 836 2437 esse
853 2383 1027 2436 memoriam
1043 2397 1108 2452 pas.
1202 2451 1210 2457 ⁸

59 2473 172 2540 sionis,
189 2472 242 2527 sed
260 2488 333 2543 quae
352 2487 406 2541 per
421 2469 545 2524 verbnm
559 2469 710 2539 Evangelii
724 2480 860 2525 servetur
872 2472 947 2542 apud
958 2471 1106 2528 homines.

59 2563 144 2638 Quid
168 2564 228 2618 hoc
255 2562 289 2615 ad
315 2561 491 2616 sacrificium
510 2560 717 2631 probandum?
742 2561 795 2632 ipsi
819 2561 918 2632 potius
935 2563 1106 2618 memoriam

58 2651 206 2726 passionis
234 2651 441 2719 extinxerunt,
470 2650 540 2703 dum
565 2650 741 2705 sacrificium
768 2666 807 2706 ex
834 2667 867 2704 ea
896 2653 1048 2721 iecerunt,
1077 2663 1107 2711 et

58 2740 255 2809 Evangelium
272 2749 435 2793 tacuerunt.

129 2845 220 2920 Quod
236 2861 308 2900 vero
327 2842 507 2915 trimnphant
525 2843 574 2898 iilo
592 2844 661 2899 loco
678 2844 789 2900 Psalm.
811 2845 878 2901 CXI
895 2845 993 2913 (CX):
1021 2855 1056 2902 lu
1072 2864 1105 2903 es

58 2936 218 2992 Sacerdos
235 2936 269 2988 in
287 2942 469 3001 aeternum,
488 2943 517 2988 et
535 2933 645 2990 Genea.
662 2935 758 2990 Xlll:
780 2944 852 2990 erat
868 2938 1026 2992 Sacerdos
1042 2939 1106 2993 Dei

57 3023 225 3093 altissimi,
242 3031 280 3085 et
302 3025 407 3078 vinum
432 3040 471 3078 ac
484 3039 601 3093 panem
618 3021 746 3092 obtulit,
771 3036 801 3080 et
824 3025 853 3080 in
876 3025 1054 3083 llrlalachiaa
1068 3027 1104 3080 in

56 3116 145 3172 omni
160 3115 229 3170 loco
246 3111 382 3185 φήην
398 3111 514 3168 oblatio
532 3114 667 3182 munda,
693 3115 772 3186 quod
789 3115 838 3169 isio
854 3114 945 3171 missa
961 3117 999 3171 sit
1016 3117 1105 3186 signi.

56 3205 157 3271 ficata,
184 3203 416 3258 asinissimorum
439 3202 649 3255 Minoritarum
671 3215 727 3257 est.
760 3202 893 3259 Primum
914 3206 944 3270 ²)
966 3204 1102 3276 Epistola

55 3295 94 3350 ad
106 3294 259 3348 Hebraeos
272 3293 342 3346 satis
354 3291 476 3362 exponit
490 3292 570 3344 illum
580 3291 689 3346 Psalmi
702 3293 812 3361 locsim,
826 3303 854 3347 et
864 3293 977 3349 Genea.
987 3294 1102 3361 Xlll.*)

53 3383 127 3455 quid
149 3380 324 3438 sacrificium
347 3381 442 3435 nostri
460 3379 686 3434 Melchisedech
711 3381 814 3449 suerit,
840 3397 927 3436 sumn
950 3384 1102 3454 proprium

53 3475 159 3528 locum
176 3469 265 3523 habet
282 3486 337 3540 per
353 3479 444 3523 totam
461 3467 640 3540 Epistulam:
662 3469 766 3524 deinde
785 3470 872 3538 figura
890 3471 961 3525 nihil
980 3471 1100 3543 probat,

54 3560 171 3618 etiamsi
188 3558 235 3613 iile
253 3575 358 3631 panem
374 3568 404 3613 et
420 3558 522 3613 sinum
534 3557 697 3615 obtulisset.
731 3558 822 3615 Nunc
835 3570 931 3616 autem
943 3579 999 3617 nec
1010 3561 1102 3632 figura

105 3812 126 3858 t>
141 3806 236 3852 Auris.
251 3807 398 3855 audiendam.
448 3809 471 3862 2)
484 3806 579 3853 Auris.
593 3807 677 3855 Prima

54 3912 274 3930 ρ-

105 3984 130 4035 ’)
143 3980 178 4032 El
192 3979 218 4031 ill
232 3981 242 4025 i
256 3980 319 4032 sitsi
335 3981 365 4029 ii.
