2574 4724
553 320 641 389 1522.
897 329 900 337 '
1060 316 1120 389 iil

76 496 83 501 ·
143 474 239 547 Ieajte
256 474 311 531 xl.
325 475 410 545 juxta
427 474 585 531 Hebraeon
601 476 645 531 sic
659 470 801 532 habeturt
825 476 1011 551 Reqzuescet
1024 480 1123 561 stapsi

73 579 146 622 ewa
159 565 295 638 spiritus
306 565 450 633 Domini,
466 565 602 636 spiritus
615 565 792 636 sapientiae
808 573 838 619 et
853 566 1037 634 intellectam,
1054 566 1124 637 spi-

72 654 162 708 ritus
179 654 305 709 covasilii
321 661 350 707 et
363 653 575 724 fortitudinis
581 693 591 722 ,
612 654 749 725 spiritns
771 654 920 711 scientiae
942 662 973 709 et
995 654 1123 711 timoris

72 742 220 798 Domini.
254 744 353 798 Claret
377 744 491 815 itaque,
515 743 675 814 septimum
701 743 770 798 illud
796 744 921 809 (scilicet
945 743 1077 815 pietatis,
1093 752 1124 799 el

73 832 200 903 replebit
216 849 284 886 euna
301 832 435 903 spiritus)
453 850 522 888 esee
535 834 722 903 adjectitium.
755 834 898 889 Dimiseie
924 834 1055 889 onmium
1070 850 1125 888 nu.

71 922 121 992 gis
147 923 195 977 vel
223 922 324 990 seriis,
350 940 406 992 ego
430 923 474 978 sic
501 924 597 979 sentio
623 926 660 996 pii
677 924 807 979 bominis
831 924 923 979 vitam
939 925 967 979 in
984 926 1038 978 triu
1054 924 1127 979 tlivi.

75 1012 216 1065 dentiam.

77 1124 82 1131 ·
141 1099 277 1155 Primum
293 1101 329 1153 ad
346 1100 439 1171 ipsius
465 1098 578 1154 enimse
593 1101 700 1169 vitam,
724 1096 784 1172 quta
800 1116 840 1155 ex
858 1101 914 1155 litle
930 1098 1020 1168 vivit,
1038 1099 1127 1172 perti.

72 1206 167 1246 nere:
196 1191 247 1245 hic
274 1191 413 1261 sapientia
436 1202 464 1245 et
488 1192 671 1246 intellectus:
701 1192 857 1261 sapientia,
885 1191 955 1265 quia
967 1208 1021 1263 per
1037 1192 1127 1247 iidem

72 1279 235 1347 cognoscit
248 1278 366 1345 Deum,
383 1291 412 1334 et
429 1296 503 1350 qttae
522 1280 581 1334 Dei
595 1292 681 1336 sunt:
697 1281 881 1347 intellectus,
899 1298 960 1352 quo
977 1292 1128 1336 scrutatur

74 1371 114 1423 de
132 1370 178 1423 die
199 1369 227 1423 in
244 1369 322 1423 ‹lient
339 1370 430 1439 tnagis
448 1386 482 1423 ac
500 1370 592 1439 magis
610 1388 735 1443 eaquae
753 1371 910 1441 sapientiae
928 1382 1016 1435 suun,
1037 1371 1127 1425 utin.

74 1460 216 1516 tellectus
235 1460 273 1513 sit
290 1461 350 1513 lere
378 1476 471 1528 tusus,
501 1458 692 1527 exercitatio,
722 1460 926 1531 investigatio,
954 1462 1127 1532 proiectus,

76 1550 187 1617 robur,
218 1550 433 1604 incrementum
451 1551 626 1622 sapientiae,
653 1551 716 1605 sive
734 1551 817 1605 aliter
833 1552 861 1605 id
877 1552 951 1607 velis
969 1552 1127 1623 appellare.

75 1625 159 1696 Nitm
177 1636 324 1694 Hebraico
344 1639 432 1705 Bina,
451 1641 479 1713 itl
497 1650 557 1706 est,
573 1640 773 1710 intelligentia,
791 1642 910 1712 proprie
923 1643 968 1695 est
985 1638 1069 1695 acutia
1087 1642 1129 1694 di.

78 1732 233 1801 ligensque
260 1730 448 1795 observatio,
466 1742 504 1803 'et
520 1742 553 1786 ut
571 1742 705 1795 vocam,-
727 1731 874 1786 inventiva
900 1741 929 1784 ct
946 1732 1129 1801 exploratius

79 1821 226 1890 cognitio,
253 1830 284 1873 'et
313 1821 417 1873 lortius
444 1821 479 1874 ad
503 1820 638 1875 aflectum
656 1838 744 1892 (tuam
764 1822 801 1893 ael
816 1832 946 1875 mentem
964 1831 1068 1888 sonat,
1095 1832 1130 1877 ut

81 1910 188 1966 Daniel
207 1909 293 1964 VIII.
304 1909 348 1977 ’γε
365 1909 411 1963 ad
425 1926 544 1965 texeret
560 1917 590 1963 et
606 1911 652 1964 acl
670 1927 793 1964 omnem
808 1910 913 1965 Deum
929 1927 993 1965 nott
1010 1910 1129 1965 intelle}

81 2007 153 2074 qet,
164 2000 198 2053 *id
216 2010 339 2053 estnon
356 1999 433 2052 dabit
451 2015 591 2068 operam,
615 2010 649 2054 ut
665 2011 829 2065 cognoseat
847 2010 876 2054 et
892 1999 986 2068 sciat,
1005 2011 1063 2054 ete.

146 2090 284 2145 Alterum
311 2100 371 2143 est:
397 2104 466 2141 curu
485 2088 648 2157 intelligens
676 2101 706 2142 et
730 2090 845 2160 sapiens
864 2091 885 2155 ¹)
909 2088 1080 2161 sapientiam
1101 2096 1131 2144 et

84 2180 265 2234 intellectum
282 2178 466 2250 possederit,
479 2177 543 2249 jam
560 2177 661 2249 incipit
677 2177 813 2249 proferre
830 2178 926 2247 foras,
955 2178 994 2232 ita
1009 2178 1131 2246 virere,

84 2268 167 2338 loqui
185 2280 214 2322 et
231 2268 357 2334 docere,
376 2275 446 2320 tunc
461 2266 560 2338 incipit
577 2266 746 2338 persecutio
759 2277 788 2321 et
806 2284 901 2335 crux,
918 2266 985 2339 quia
1001 2267 1130 2321 mttntlns

83 2357 173 2411 lidctu
190 2366 220 2411 et
237 2355 327 2410 verba
343 2356 502 2427 sapientiae
519 2366 549 2409 et
564 2354 738 2410 intellectus
753 2364 815 2410 nbn
831 2356 947 2427 patitur.
975 2355 1031 2410 llic
1047 2352 1132 2427 epiri.

85 2458 133 2501 tus
151 2444 267 2500 consilii
284 2456 314 2499 et
330 2445 505 2499 fortitudinis
524 2455 642 2514 regnat,
664 2454 697 2499 ut
714 2445 807 2500 borno
830 2446 959 2516 prudens
976 2445 1034 2513 sit,
1060 2444 1131 2516 quil

84 2535 172 2590 faciat
188 2546 218 2588 et
236 2544 375 2603 sequatur
392 2536 419 2588 in
437 2534 684 2602 tribulationibus,
709 2534 789 2605 quod
805 2547 903 2589 tamen
921 2544 949 2589 et
966 2533 1063 2605 ipsum
1080 2533 1132 2587 flu.

84 2626 106 2678 it
132 2642 170 2678 ex
197 2624 335 2694 sapientia
361 2636 390 2678 et
416 2625 584 2685 intellectu,
614 2628 669 2678 ceu
687 2641 725 2679 ex
750 2625 839 2678 sonte.
875 2623 972 2679 l'orro
989 2622 1131 2679 fortitudo

85 2733 140 2771 seu
164 2715 295 2786 potentia
312 2714 347 2767 ad
375 2714 514 2769 allectum
539 2708 682 2783 pertinet,
707 2724 740 2768 ut
757 2714 916 2782 sustineat,
942 2724 971 2769 et
987 2714 1086 2767 vincat
1103 2713 1132 2768 in

85 2801 353 2876 persecutionibus.
387 2802 480 2870 igitur
507 2804 584 2857 sicut
609 2804 798 2874 sapientiam,
825 2802 861 2857 ita
880 2813 908 2857 et
924 2804 949 2867 ²)
975 2802 1132 2856 consilium

86 2896 120 2947 ad
133 2906 262 2947 mentem
274 2932 282 2958 ,
301 2906 333 2947 ut
346 2894 542 2958 intellectum,
556 2908 590 2948 tta
605 2907 632 2947 et
646 2894 805 2964 potentiam
817 2894 852 2946 ad
864 2894 997 2947 affectum
1011 2894 1133 2947 referas.

152 2984 180 3038 T
183 2986 289 3037 ertittm
306 2995 351 3038 est
368 2983 430 3054 ipsa
448 2982 567 3037 externa
585 2983 773 3038 conversatio
792 3001 861 3037 eum
877 2981 1064 3037 hominibus:
1081 2982 1133 3035 hic

88 3072 208 3127 scientia
227 3083 254 3126 et
271 3072 359 3126 timor
375 3072 498 3127 Domini
516 3086 627 3141 regnat:
657 3073 794 3141 scientie,
811 3087 842 3127 ut
859 3072 932 3127 sciat
950 3072 1046 3125 omnia
1064 3088 1133 3126 esse

87 3162 194 3230 libera,
222 3163 358 3234 valetque
378 3171 479 3215 eontra
503 3160 675 3233 hypocrisin
693 3171 722 3216 et
739 3161 978 3232 superstitionem
995 3160 1023 3215 in
1041 3162 1134 3226 cibiS,

90 3252 224 3323 potibus,
243 3253 393 3319 vestibus,
417 3263 446 3305 et
463 3252 601 3322 quicquid
620 3252 667 3306 vel
684 3252 819 3306 homines
837 3262 980 3317 statuunt,
1005 3252 1052 3305 vel
1071 3254 1133 3323 ipsu

90 3356 190 3394 rrtrtura
209 3342 262 3396 sibi
281 3342 375 3411 lingit:
404 3342 518 3412 agitque
535 3340 559 3409 ³)
586 3342 613 3395 id
630 3359 736 3410 uuum,
764 3354 795 3396 ut
813 3358 922 3412 eorpus
941 3341 1051 3403 libere,
1080 3343 1132 3395 sed
1204 3333 1208 3341 ’

89 3443 184 3484 taruen
204 3433 350 3496 discrete,
368 3431 428 3485 hoc
447 3443 508 3499 est,
527 3448 596 3484 curn
614 3432 735 3486 seientia
754 3433 853 3486 domet
871 3446 899 3484 et
917 3444 1002 3501 regat.
1027 3432 1134 3486 'l'imor

90 3522 214 3575 Domini
233 3523 370 3576 allectum
388 3516 478 3590 regit,
503 3540 539 3575 ue
565 3520 713 3592 superbiat
731 3521 832 3575 lirnrus
851 3532 952 3576 contra
970 3521 1133 3589 infirmum,

380 3666 615 3679 μ

124 3762 164 3831 ο1)
185 3758 278 3801 ⁴luris.
299 3758 436 3814 intelligens
450 3758 582 3816 etsapieus
596 3772 656 3806 cum.
706 3760 732 3814 2)
754 3757 847 3806 Auxit.
865 3783 890 3794 -
908 3762 940 3807 el.
989 3761 1015 3815 ³)
1036 3761 1131 3807 Auris.

93 3828 224 3878 agiturque.

93 3928 319 3944 ...nun—un*

146 3997 168 4047 *l
183 3994 230 4043 tole
243 3994 320 4044 etrite
333 3994 360 4045 ul
372 3994 431 4041 Dan.
445 3995 537 4050 x1‚3t.
