2574 4724
117 261 165 343 at,
593 262 688 353 1521.-

181 418 221 475 At
237 419 276 477 illi
293 420 402 477 ethnici
418 429 517 487 erant,
533 421 648 492 inquis:
666 418 797 476 sednon
814 415 931 483 orabat,
948 421 982 468 ut
1000 411 1101 473 fideles
1118 411 1167 469 lie.

116 516 204 575 rent,
221 512 273 565 sed
290 521 323 565 ut
341 519 440 567 essent
458 520 488 566 et
503 510 694 566 subsisterent
712 511 741 565 in
757 523 837 580 pace.
874 507 946 562 Non
962 505 1036 560 nuhi
1050 517 1167 574 persus·

116 599 220 667 debis,
247 616 335 671 posse
358 602 521 656 orationem
539 599 637 670 juberi
662 599 698 654 ab
717 599 867 670 Apostolis
883 607 914 650 et
931 593 1092 666 Prophetis
1114 586 1168 665 pro

115 687 148 743 iis
167 689 274 761 rebus,
291 706 367 760 quae
383 700 494 745 tantum
512 689 670 760 permissae
688 698 717 743 et
734 686 868 743 ferendae
898 695 987 750 sunt,
1014 693 1047 738 ut
1073 683 1169 738 subsi-

117 786 243 831 stanter
261 779 356 849 quieta
373 779 444 833 sint:
474 776 580 848 alioqui
597 793 652 847 pro
669 776 844 846 raptoribus,
860 782 889 828 et
905 784 936 828 ut
954 781 984 826 tu
1002 774 1170 843 interprete.

114 867 172 939 ris,
190 868 319 938 tyrannis
336 867 464 939 iniquis,
480 880 510 920 ut
527 866 615 937 iniqui
632 866 689 920 sint
701 904 711 931 ,
725 864 885 920 orabimus.

149 954 153 961 ’
178 956 249 1010 dam
266 950 442 1026 Apostolum
459 957 495 1010 ad
512 957 637 1010 Roman.
657 954 744 1010 xttt.
763 964 792 1008 et
809 953 920 1009 1.Petri
938 951 996 1007 111.
1014 968 1076 1005 non
1093 942 1167 1006 sica

113 1053 144 1099 te
162 1045 240 1114 rejici
259 1047 365 1115 patior,
383 1046 465 1115 quasi
482 1045 746 1109 hucnonvaleaut‚
765 1053 811 1098 aut
826 1053 936 1097 tautum
952 1040 1084 1095 subditus
1098 1057 1178 1117 cru.¹

116 1135 203 1189 diunt.
224 1133 308 1188 'Non
325 1134 386 1189 hoc
403 1133 523 1200 efficies,
540 1134 686 1205 Philippe.
719 1131 885 1187 VerbaDei
900 1141 969 1185 sunt
985 1138 1017 1184 et
1028 1146 1176 1204 magnum·

116 1223 264 1288 sonantia,
282 1222 331 1276 ubi
349 1222 431 1276 dicit;
448 1223 598 1277 Potestas
621 1239 643 1276 α
660 1222 730 1277 Deo
752 1228 817 1289 est,
839 1226 868 1273 et
884 1219 1086 1274 ordiraationi
1102 1219 1166 1273 Dei

115 1302 237 1368 resistit
258 1314 410 1384 potestati
433 1313 601 1382 resistens,
625 1320 655 1367 et
670 1311 817 1366 minister
834 1311 897 1366 Dei
912 1317 968 1368 est.
1002 1309 1167 1366 Nouinve.

114 1401 178 1458 nies
195 1401 256 1457 hoc
273 1403 328 1456 dici
346 1402 381 1455 de
399 1402 488 1455 rebus
508 1403 657 1471 permissis
673 1412 797 1456 tautum.

181 1491 252 1546 Non
271 1501 316 1547 est
331 1491 462 1544 minister
478 1491 558 1557 Dei,
575 1491 627 1545 sed
644 1489 760 1555 hostis,
787 1490 836 1560 qui
853 1488 988 1559 injurium
1005 1487 1088 1554 fucit,
1120 1494 1169 1542 aut

116 1598 309 1652 quaecunque
328 1581 445 1636 serenda
463 1580 564 1635 interr:
582 1598 638 1635 uec
655 1591 701 1634 est
718 1580 873 1650 permissio
890 1579 936 1632 vel
958 1594 1005 1632 res
1027 1579 1180 1647 permissu¹

115 1670 249 1729 minister
265 1671 334 1725 Dei.
368 1670 455 1723 Aliud
473 1671 559 1737 longe
577 1679 640 1734 est,
666 1669 746 1739 quod
763 1667 915 1738 aliquoties
933 1666 1082 1730 scribitur,
1098 1684 1168 1735 gen.

114 1769 175 1813 tem
198 1774 288 1827 super
312 1767 427 1826 gentem
453 1758 597 1812 excitasse
615 1757 726 1810 bellum
741 1756 787 1823 ‘),
813 1768 844 1809 ut
869 1772 968 1825 regem
989 1755 1182 1833 llabploniae¹

114 1857 216 1902 contra
233 1849 350 1918 Tyrum
368 1849 397 1904 iu
417 1848 574 1924 Ezeclriele
592 1863 711 1901 servum
728 1863 856 1912 vocaus,
873 1856 901 1901 et
919 1847 1052 1916 spiritum
1065 1863 1166 1915 regum

114 1936 280 2012 Medorum
306 1937 335 1992 in
359 1936 489 1997 deremin
512 1936 673 1992 suscitans:
703 1946 731 1990 et
748 1937 842 2002 uliud,
867 1937 947 2007 quod
965 1946 1093 2006 potestus
1112 1952 1182 2006 pro¹

115 2044 189 2098 poce
205 2029 329 2087 ordinari
346 2027 458 2094 dicitur,
475 2030 511 2083 ad
530 2028 652 2083 Roman.
671 2027 762 2082 Xlll.
779 2035 807 2079 et
824 2026 990 2082 t.'simoth.
1009 2025 1050 2081 Il.
1084 2026 1164 2081 Nem

59 2104 63 2109 ⁵
113 2114 165 2171 hic
181 2117 277 2171 titnori
295 2116 362 2171 mali
380 2117 497 2185 operis,
522 2115 630 2172 houori
653 2115 723 2170 boni
748 2117 846 2185 operis
871 2114 1059 2169 constitutam
1081 2115 1165 2169 dicit:

114 2205 173 2262 illic
192 2206 313 2261 vindicte
324 2246 340 2273 ,ἵ
351 2215 381 2260 et
392 2208 455 2275 jam
472 2207 537 2262 lacti
554 2206 621 2259 mali
639 2206 734 2276 operis
752 2206 824 2259 ratio
842 2203 976 2258 liabetur·
1030 2244 1032 2249 .

179 2295 249 2348 dum
267 2297 334 2366 quid
351 2295 458 2361 facias,
482 2311 551 2349 cum
568 2296 735 2358 Abraham,
761 2295 879 2359 David,
903 2302 933 2346 et
950 2301 1068 2348 sanctos
1094 2294 1165 2348 anti.

115 2385 181 2456 quis
199 2384 311 2455 legibus
328 2394 359 2438 et
374 2385 469 2453 gladio
486 2400 556 2439 usos
573 2386 681 2455 optime
699 2384 805 2439 vides?
829 2399 905 2454 qttos
923 2385 1004 2439 viros
1021 2385 1167 2453 evangeli.

114 2490 169 2529 ons
198 2474 285 2528 luisse
315 2484 428 2532 certum
453 2485 512 2540 est,
545 2474 613 2528 lieet
635 2491 688 2544 pro
713 2486 845 2545 tempore
869 2482 980 2528 tantum
1003 2485 1166 2530 uterentur.

118 2563 207 2615 Certe
231 2578 319 2616 usum
337 2561 396 2627 rei,
421 2579 476 2632 qua
498 2564 535 2618 illi
552 2564 596 2618 usi
613 2573 680 2618 sunt
703 2562 899 2630 laudabiliter,
926 2573 1061 2619 nonest
1085 2562 1167 2632 pium

116 2649 153 2703 ab
171 2651 344 2719 evangelicis
370 2651 439 2705 viris
453 2653 573 2719 negari,
600 2661 633 2706 ut
655 2661 699 2706 est
711 2652 761 2720 jus
778 2652 878 2719 gladii:
907 2652 1079 2720 praesertim
1098 2668 1166 2706 cum

114 2743 144 2797 in
163 2739 323 2806 Evangelio
341 2757 436 2811 neque
455 2742 492 2796 sit
509 2754 680 2797 revocatum
697 2758 792 2812 neque
811 2741 1008 2810 prohibitum,
1033 2741 1106 2808 sed,
1133 2749 1167 2797 ut

116 2829 177 2883 dixi
188 2864 197 2891 ‚
215 2828 436 2895 confirmatum,
464 2831 561 2900 utique
581 2833 609 2885 in
626 2830 692 2897 liis,
715 2830 764 2901 qui
783 2829 881 2885 fideles
897 2843 997 2897 eraut,
1025 2829 1166 2889 militibus
1184 2896 1187 2903 Ι

114 2916 286 2974 Johunncm
305 2919 560 2989 interrogantibus.
613 2924 616 2931 '

179 3010 257 3065 Cum
284 3025 354 3075 ergo
374 3010 508 3067 Christus
531 3011 560 3064 in
576 3009 738 3077 Evangelio
762 3024 809 3063 res
835 3008 946 3064 divinas
970 3018 999 3064 et
1021 3009 1167 3065 coelestes

112 3096 264 3152 instituere
283 3098 427 3162 debuerit,
444 3100 514 3169 quid
536 3099 655 3167 mirum,
672 3099 695 3152 si
713 3099 841 3167 gladium
858 3116 918 3153 non
932 3099 1100 3165 instituerit,
1117 3100 1167 3170 qui

115 3188 151 3242 ab
170 3188 305 3242 humanis
323 3189 463 3243 creaturis
481 3189 563 3244 facile
584 3189 711 3244 ordinari
729 3198 840 3259 potest,
858 3199 888 3242 et
906 3189 1018 3244 interim
1035 3190 1078 3244 sic
1096 3205 1167 3244 eum

115 3288 238 3344 tractet,
255 3293 305 3342 ut,
322 3280 376 3334 nisi
388 3278 548 3348 Evangelio
561 3289 751 3352 repugnaret,
769 3295 835 3332 eum
853 3296 868 3332 a
886 3296 919 3334 se
936 3278 1059 3346 institui,
1075 3280 1169 3335 vellet

113 3368 278 3433 instituere,
295 3370 364 3423 dum
382 3369 570 3424 commendat
585 3380 612 3422 et
629 3368 781 3423 confirmat
799 3369 971 3426 institutum.

180 3458 284 3512 Porrus
302 3458 540 3513 mindunium
559 3469 714 3528 potestates
732 3470 759 3512 et
777 3460 989 3515 dominationes
1012 3462 1111 3528 sperni
1139 3469 1168 3516 et

113 3547 247 3601 rnaledici
266 3546 302 3600 ab
322 3547 502 3605 Antichristo
520 3563 639 3617 uitrique
656 3548 847 3615 indignentur.
884 3551 921 3602 At
942 3548 1073 3618 uunquid
1100 3566 1167 3617 per.

115 3637 204 3694 missa
228 3635 378 3690 licentiosa
404 3648 451 3690 aut
475 3637 570 3708 iniqua
594 3656 653 3695 non
677 3639 742 3698 lieet
764 3640 928 3706 spernere?
957 3638 1111 3693 llouorem
1136 3648 1169 3697 et

116 3727 309 3783 reverentiam
328 3728 369 3791 eis
386 3728 447 3780 vult
464 3725 541 3780 lieri:
565 3718 764 3799 sed'nunquid
788 3727 863 3784 idem
887 3727 947 3783 rult
964 3727 1119 3799 permissis
1136 3738 1169 3787 et

114 3816 241 3886 iniquis?

115 3911 182 3922 ..-

164 3954 187 4002 ⁸)
203 3950 239 3997 tn
254 3949 363 3996 bellum?
