2574 4724
561 292 652 360 1521.
1100 297 1147 369 252

148 444 209 503 llis
224 444 296 502 lotia
313 446 486 518 Scripturas
502 458 616 521 captus,
632 467 693 505 aton
709 450 820 520 habeo,
837 453 916 525 quod
928 453 999 513 milri
1018 448 1140 525 res'pou.

95 533 174 589 leam
184 573 196 602 ,
218 534 369 607 Philipps:
398 547 428 592 et
444 539 539 591 multo
556 539 652 599 minus
669 540 740 594 mihi
757 541 914 597 satisfacies
933 542 960 597 in
978 541 1057 598 lianc
1075 560 1140 614 par.

97 641 171 693 em,
198 642 283 696 quam
307 643 366 696 ego
393 626 423 681 in
451 638 540 683 tuam.
573 628 622 683 Tu
639 629 752 685 nullum
769 631 869 686 locum
885 631 995 699 habes,
1022 632 1072 704 qui
1089 632 1138 687 vel

95 714 204 769 lamnet
224 716 271 769 vel
298 715 477 786 prohibeat,
500 719 547 772 vel
572 720 632 772 ullo
655 717 746 774 modo
768 705 867 789 fugere
889 722 993 775 doceat
1014 731 1140 790 potesta.

95 819 160 860 em:
186 820 243 872 ego
261 816 312 867 tot,
322 805 419 860 modis
436 804 648 873 confirmatam,
665 809 909 877 commendatam,
924 809 1139 876 honorandam,

95 892 218 947 aratione
236 894 310 949 Deo
328 895 593 949 commendandam
609 895 723 951 habeo:
747 897 802 953 nisi
820 897 900 970 quod
923 897 959 951 ab
978 898 1151 967 Evangelio.

96 997 177 1053 teque
194 982 358 1051 inoperata,
374 998 472 1055 neque
489 985 619 1038 consulta
638 986 692 1051 sit,
721 985 800 1057 quod
826 1002 881 1039 nec
899 986 1138 1053 matrimonium,

96 1087 139 1124 aec
154 1071 282 1138 domus,
311 1087 367 1126 nec
383 1073 533 1144 dtscipliua
550 1073 656 1129 domus
674 1085 723 1129 aut
740 1075 883 1142 civitatis,
900 1085 947 1129 aut
964 1077 1021 1129 ulla
1039 1092 1138 1130 rerum

96 1160 281 1230 corporalium
297 1161 509 1215 administratio
526 1172 554 1217 et
570 1179 650 1218 cura.

146 1247 196 1305 Tu
212 1248 240 1304 si
257 1248 328 1321 quid
341 1250 424 1307 aliter
437 1251 596 1305 revelatum
607 1251 714 1321 habes,
730 1253 867 1309 ostende:
886 1253 937 1307 sed
949 1251 991 1307 sic
1003 1250 1137 1315 ostende,

96 1345 115 1389 tt
129 1337 323 1407 prohibitam,
340 1338 517 1408 fugiendam,
534 1350 582 1393 aut
598 1343 696 1395 solum
714 1343 886 1411 permissam
904 1357 1028 1396 asseras.
1053 1339 1138 1395 Clari.

96 1438 145 1479 stus
160 1428 242 1481 euim
255 1428 350 1483 Pilato
368 1427 463 1482 datam
480 1428 605 1500 desuper
622 1439 795 1500 potestatem
813 1431 898 1485 dixit:
920 1431 1020 1484 Detun
1039 1440 1137 1483 autern

96 1514 150 1568 dare
165 1532 229 1570 non
251 1516 280 1570 in
299 1517 409 1570 malum
425 1516 486 1571 hoc
504 1518 571 1572 loco
588 1535 695 1573 sonate
713 1531 795 1590 puto.
828 1520 878 1574 Dc
897 1519 941 1573 his
959 1520 1037 1572 satis.

148 1604 293 1662 Gratulor
310 1605 480 1664 Amsdoriio
498 1608 657 1664 substantia
675 1621 760 1664 aucto
773 1608 823 1677 ⁸),
840 1610 891 1665 sed
909 1611 1000 1678 magis
1017 1608 1139 1663 feliciter

96 1693 228 1764 profitenti
247 1699 435 1768 Apostolum.
468 1697 538 1753 Jarn
555 1701 642 1754 saturi
660 1702 746 1766 estis,
763 1699 825 1754 sine
844 1716 890 1753 me
909 1700 1055 1767 regnatis,
1079 1713 1136 1754 nec

96 1784 169 1841 rideo
184 1802 242 1840 cur
257 1803 307 1843 me
324 1800 477 1859 tantopere
495 1789 683 1857 desideretis,
712 1801 760 1845 aut
777 1807 850 1862 quae
868 1791 1026 1843 necessitas
1051 1804 1135 1841 meae

96 1890 189 1944 operae
199 1876 288 1931 vobis
300 1877 352 1931 sit:
371 1887 401 1931 tu
417 1877 468 1932 tibi
485 1878 539 1950 ipsi
556 1894 708 1933 accersere
726 1880 833 1934 videris
850 1880 1050 1947 cogitationes,
1067 1893 1136 1930 curn

97 1963 193 2018 aterna
209 1964 341 2019 habeant
356 1981 405 2020 res
422 1979 553 2033 vestrae,
576 1983 624 2020 me
641 1967 778 2032 absente,
801 1983 887 2038 quam
906 1975 1077 2036 praesente:
1103 1976 1135 2018 tu

97 2050 165 2119 legis,
180 2053 370 2109 Amadorlius
387 2055 472 2124 legit,
489 2054 583 2112 donas
601 2057 677 2126 legit.
711 2055 860 2122 Obsecro,
877 2056 950 2108 solis
969 2054 1054 2108 vobis
1072 2055 1135 2108 vul.

97 2140 126 2193 tis
140 2141 299 2197 annuntiari
316 2159 438 2212 regnum
458 2144 538 2200 Dei?
555 2162 653 2199 noune
671 2153 700 2198 et
718 2145 778 2198 aliis
791 2155 909 2215 oportet
924 2143 1134 2211 evangelisari?

97 2227 157 2283 Non
177 2230 258 2285 dabit
282 2244 379 2285 vestra
396 2232 554 2286 Antiochia
577 2233 623 2286 vel
642 2232 730 2289 Silam
755 2234 802 2287 vel
819 2232 943 2287 Paulum
962 2233 1008 2285 vel
1027 2232 1135 2285 Barna.

97 2315 152 2372 batn
168 2320 196 2374 in
214 2335 290 2390 opas
308 2323 423 2392 aliquod
441 2322 581 2392 spiritus?

148 2411 228 2465 Dico
243 2410 314 2466 tibi:
343 2429 506 2482 quanquam
531 2412 719 2467 libentissime
746 2412 820 2482 apud
853 2427 907 2465 vos
932 2411 1007 2478 sint,
1036 2419 1152 2466 tamen:

97 2496 155 2552 nmil
168 2516 306 2569 gravarer
323 2501 456 2571 (quando
464 2504 583 2571 vosjam
592 2502 758 2569 abundatis)
774 2503 820 2555 vel
834 2501 1000 2567 Erfurdiae,
1017 2501 1062 2554 vel
1076 2503 1133 2555 (¹0.
1149 2554 1153 2561 ,

100 2585 198 2657 ioniae,
215 2593 263 2643 vel
281 2590 346 2645 alibi
357 2631 366 2656 ,
392 2591 438 2643 ulii
457 2592 607 2647 Dominus
625 2593 729 2657 vellet,
754 2609 801 2645 me
820 2593 894 2645 ostio
912 2592 993 2644 vorbi
1012 2593 1130 2660 dignati.

100 2676 183 2746 Quam
206 2681 316 2745 multa,
343 2697 476 2752 quaeso,
504 2683 609 2734 messis
636 2681 765 2751 ubique,
783 2693 810 2733 et
829 2684 897 2734 nulli
916 2685 1057 2750 operarii:
1078 2699 1132 2736 vos

101 2770 1132 2840 mmmmmmmwmmlmmwmwmwmsmm.

100 2869 161 2909 uum
187 2873 355 2913 nostrorum
380 2860 487 2930 ubique
514 2862 716 2930 ‹lisporsorum
742 2861 874 2915 habenda
902 2877 966 2929 cst,
992 2880 1027 2915 ut·
1056 2865 1132 2916 tutte

102 2945 170 3000 nobis
188 2949 340 3016 vivamus,
358 2949 384 3002 id
403 2961 463 3013 est,
482 2951 632 3016 Diabolo,
651 2961 679 3003 et
696 2969 755 3004 non
775 2951 905 3006 Christo.

154 3038 249 3111 Quare
268 3041 352 3106 vide,
369 3058 406 3095 ne
426 3040 514 3094 nituio
532 3058 648 3094 caruem
667 3040 793 3114 invicem
812 3044 977 3111 sapiamus,
994 3052 1023 3095 et
1041 3025 1131 3109 magis

104 3119 1131 3201 pmmfflmmfflffimmmwmmmmm.&ommmwm

106 3213 151 3282 ire,
176 3236 233 3289 quo
252 3219 401 3273 Dominus
425 3220 519 3283 solet,
544 3220 604 3273 sive
630 3220 663 3273 ad
682 3238 754 3285 vos,
779 3220 840 3274 sive
866 3222 931 3276 alio.
964 3221 1014 3274 De
1041 3223 1132 3275 reditu

107 3318 157 3362 uteo
173 3309 242 3363 nihil
261 3312 322 3362 scio
342 3328 481 3378 prorsus:
506 3313 581 3371 scis,
600 3313 627 3364 iu
647 3315 729 3380 cujus
748 3329 833 3365 mauu
852 3314 938 3364 situm
957 3314 998 3366 sit.

152 3400 250 3453 Scribit
277 3399 348 3452 ruilti
372 3401 549 3470 Spoletinus,
578 3418 636 3454 uun
656 3417 721 3453 csse
740 3402 913 3470 disputatam
932 3413 1043 3471 partem
1061 3419 1131 3456 coo.

106 3484 248 3546 elusionum
267 3493 303 3544 de
322 3492 526 3555 confessione,
544 3492 679 3545 mandato
703 3492 862 3563 Principis,
881 3493 958 3562 quod
982 3493 1051 3545 milti
1073 3495 1129 3546 dis,

104 3579 172 3643 pinet
193 3586 267 3634 miro
293 3581 394 3635 modo.
429 3581 586 3646 Obsecro,
614 3582 750 3652 deinceps
773 3598 889 3650 semper
907 3582 1131 3651 praevenitciu.

103 3681 186 3736 tenta,
214 3673 335 3725 consilia
355 3673 433 3724 aulae
461 3688 520 3724 nou
538 3672 709 3742 sequimini,
735 3674 811 3725 sicut
828 3690 882 3739 ego
900 3673 1040 3726 hacteuus
1059 3674 1129 3726 tect:

101 3759 198 3816 timidio
223 3780 283 3817 uon
310 3765 416 3814 lactarus
444 3773 537 3825 esset,
566 3764 590 3815 si
616 3762 644 3815 iu
673 3763 745 3817 illius
769 3763 890 3818 consilio
915 3765 1129 3835 pependissem.

101 3878 608 3896 *e——o-——u--u—-n-

136 3950 154 4000 ἰ
171 3950 201 4000 Ε·
216 3951 235 3994 l.
249 3949 307 4002 uto.
322 3949 366 3997 iit·
