2574 4724
182 272 245 379 ssd
607 331 610 336 ·
660 256 752 385 ists.
827 338 833 345 ·

180 469 268 543 plane
294 471 424 528 omnium
445 445 576 541 migistri
599 469 655 528 sibi
676 471 750 540 visi,
775 470 826 543 qui
841 468 960 527 Mosen
985 479 1021 528 et
1050 476 1238 527 totumaetus

180 557 406 616 Testamentum
424 561 605 617 vilissimum
623 561 752 629 habent,
769 561 851 615 velut
869 559 1045 630 Evangelio
1062 560 1238 627 comenda

97 666 101 672 ·
182 665 312 720 quorum
320 665 411 705 sensu
428 660 545 722 oportet
555 650 750 707 christianum
760 648 917 705 hominem
931 649 1048 705 abesse
1066 648 1238 720 tongiseiur.

181 738 303 794 Certum
324 749 370 794 est
390 740 486 809 euim,
511 751 545 797 ut
565 738 814 815 quemadmodum
829 738 935 795 mundi
951 739 1117 810 sepientes
1134 739 1237 805 ἀίω,

180 827 347 884 llomerutu
367 845 434 886 esse
451 841 566 901 petrem
583 831 715 887 omnium
724 836 902 902 poetarum,
922 829 1067 897 iontem,
1088 829 1151 885 imo
1166 844 1238 884 coes

179 933 253 975 num
271 919 367 975 omnis
383 920 555 976 eruditionis
575 929 606 976 et
620 920 777 993 supientiae
797 928 827 974 et
841 919 1059 990 eloquentiae,
1081 921 1132 977 sie
1148 930 1237 975 noster

179 1007 293 1065 Moses
320 1011 390 1066 sons
411 1020 442 1066 et
465 1019 546 1081 peter
568 1020 615 1066 est
639 1009 773 1065 omnium
796 1007 1020 1080 prophetarum
1045 1019 1082 1065 et
1106 1010 1238 1065 durum

180 1114 353 1169 sacrorum,
370 1098 400 1155 id
413 1109 460 1156 est
470 1101 631 1170 sapientise
651 1109 680 1155 et
688 1099 871 1170 eloquentiae
880 1098 1043 1157 coelestes
1081 1098 1162 1154 Canu
1173 1112 1236 1154 asae

181 1185 244 1253 boc
262 1189 382 1244 saeculo
400 1188 498 1244 omnis
512 1188 651 1259 incipiant
667 1188 800 1257 restitui,
824 1187 908 1259 qussi
924 1186 991 1242 dies
1020 1188 1105 1244 ille'
1097 1198 1238 1244 metetre·
1270 1224 1273 1229 -

182 1277 342 1333 stitutionis
370 1279 519 1344 omnium,
544 1277 626 1333 veuit
652 1277 681 1333 in
699 1285 847 1345 mentem,
877 1283 909 1331 ut
933 1275 1004 1332 hoc
1031 1274 1238 1345 tentarem,si

181 1366 261 1421 {orte
281 1375 311 1421 et
333 1364 424 1420 Mose
439 1365 550 1421 restitui
567 1366 678 1438 possit,
698 1375 731 1422 et
742 1365 854 1422 rivulos
870 1364 904 1419 ed
918 1366 1045 1421 fontem
1058 1379 1238 1423 revocaren-

179 1452 438 1511 ducundissimtuu
454 1467 499 1511 est
514 1472 601 1524 esne,
627 1466 657 1510 et
675 1465 736 1511 tem
755 1454 961 1523 intelligentiae
973 1472 1076 1527 quem
1086 1456 1238 1513 memorias
1272 1470 1279 1503 t

174 1543 323 1617 juvandae
347 1545 625 1606 commodissimum
656 1555 686 1601 et
719 1544 928 1614 utilissimum,
965 1562 1106 1602 cernere
1127 1545 1238 1615 vestig'u
1272 1542 1279 1621 i

182 1629 397 1708 prophetarum
414 1634 613 1706 posteriorum
632 1635 662 1690 in
679 1635 789 1702 Mose,
815 1643 846 1689 ut
863 1634 948 1693 illum
964 1634 1119 1705 legerint,
1136 1630 1279 1692 didiee.'
1271 1662 1279 1701 ,-

181 1725 260 1794 rint,
279 1725 451 1792 docuerint,
468 1735 612 1781 noctumn
623 1727 768 1780 versarint
776 1741 882 1791 manu,
901 1727 1123 1798 versariutque
1135 1727 1236 1781 dium
1273 1724 1278 1747 ³

181 1814 233 1876 Ex
252 1815 339 1885 cujus
354 1815 456 1887 copiae
476 1832 572 1870 cornu
593 1831 697 1871 omnes
725 1813 846 1869 illorum
863 1829 938 1885 opes
954 1825 1083 1870 sumtae
1101 1825 1187 1884 suut,
1209 1824 1237 1871 1
1274 1804 1279 1863 Ᾰ

183 1914 214 1960 et
229 1905 283 1976 ipsi
303 1905 338 1958 de
357 1920 394 1960 eo
412 1903 512 1958 dicere
531 1905 661 1975 possint:
687 1904 745 1959 Ex
756 1902 956 1976 plenitudine
980 1909 1014 1958 et
1038 1902 1235 1962 abundantis

181 1995 271 2051 illius
285 2010 393 2049 omnes
406 2010 466 2049 nos
491 1993 684 2066 accepimns,
709 1993 785 2048 sicut
808 1992 934 2065 ipsemet
957 1993 1028 2049 lore
1047 1996 1195 2066 praevidit
1210 2002 1236 2049 ιι

181 2084 358 2164 praedixit
350 2102 379 2139 m
404 2084 522 2139 cantico
542 2100 614 2138 suc:
639 2082 866 2139 Concrescut'
853 2100 888 2137 m
902 2082 1066 2155 ,ρίιιυίαω
1093 2086 1235 2143 doctrine
1270 2064 1279 2125 ι

181 2177 372 2244 naeu,fluat
388 2181 424 2230 ut
437 2190 494 2229 ros
508 2173 664 2248 eloquium
680 2191 798 2241 meum,
817 2182 876 2228 etc.
1272 2144 1279 2187 Ι

246 2263 327 2321 Dedi
346 2273 444 2319 nutem
464 2280 602 2335 operum,
623 2274 654 2316 ut
666 2263 763 2334 primo
779 2261 877 2317 omnia
893 2259 1124 2333 simplicissime
1135 2270 1236 2319 tracta·
1273 2312 1277 2323 .

182 2369 264 2421 rem,
287 2370 345 2408 nec
363 2369 466 2424 passus
481 2368 548 2407 sum
565 2369 613 2406 me
632 2351 693 2423 rapi
714 2351 750 2405 nd
770 2351 908 2423 mysticas
925 2351 1019 2423 (ques
1043 2364 1172 2418 vocant)
1189 2369 1235 2408 ex.

182 2444 366 2518 positiones,
393 2443 418 2497 si
442 2443 558 2514 quando
585 2441 785 2512 occurrebant
801 2439 944 2496 absurdae
962 2452 993 2495 et
1008 2444 1121 2499 stultae
1143 2445 1235 2514 leges,

112 2568 118 2588 .
182 2544 216 2588 ut
235 2532 381 2605 aliquibus
398 2532 545 2587 videntur.
578 2531 682 2588 Primo
704 2530 783 2587 enim
799 2529 937 2601 pietatem
953 2529 1049 2586 docet
1063 2533 1180 2601 Mose,
1197 2551 1236 2588 sa.

182 2623 221 2678 tis
239 2623 355 2694 prolixe
380 2633 410 2676 et
431 2621 554 2691 copiose
575 2619 661 2673 iidem
682 2618 872 2690 praedicans,
900 2618 1049 2688 adjunctis
1078 2622 1237 2694 pulcherri-

181 2713 238 2769 mis
256 2711 451 2779 ceremoniis,
471 2711 581 2783 quibus
593 2711 697 2765 rudem
715 2709 857 2781 populum
869 2709 934 2780 capi
952 2721 1076 2781 oportet
1094 2723 1125 2767 et
1138 2712 1234 2775 teneri,

181 2819 220 2858 ne
238 2800 372 2872 proprias
389 2800 491 2867 linget,
512 2815 585 2870 quos
603 2799 692 2854 Deus
704 2797 774 2853 odit.
808 2797 925 2852 Deinde
938 2797 968 2851 in
985 2800 1155 2856 ordinanda
1166 2800 1234 2857 civili

182 2892 283 2965 politia
308 2902 341 2946 et
355 2902 454 2944 mutus
477 2887 616 2943 charitate
637 2888 779 2943 servande
800 2898 952 2954 versetur,
979 2888 1123 2957 digerens
1142 2892 1232 2962 dispo-

182 2999 317 3055 neusque
330 2980 427 3036 omnin
443 2979 556 3049 legibus
569 2979 728 3051 aptissimis
740 2990 768 3033 et
778 2978 974 3051 nequissimis.
1008 2979 1100 3037 Nihil
1119 2983 1159 3038 ibi
1171 2983 1234 3039 stul.

181 3082 247 3130 tum
272 3083 322 3126 eut
346 3086 470 3139 vanum,
495 3071 547 3123 sed
570 3070 668 3123 omnia
694 3068 859 3124 necessaria
880 3079 911 3124 et
934 3068 1014 3122 utilis
1046 3081 1136 3129 suut:
1163 3070 1232 3145 quod

182 3162 270 3221 facile
291 3160 446 3228 intelliget,
465 3158 515 3231 qui
529 3158 600 3226 scit,
620 3158 690 3230 quid
705 3159 743 3213 sit
758 3159 957 3226 magistratum
974 3175 1084 3228 gerere
1100 3163 1129 3218 in
1143 3164 1232 3232 vulgo,

181 3252 270 3326 paulo
291 3250 427 3305 liberiore
448 3260 476 3304 et
494 3248 569 3320 apud
588 3264 620 3302 se
645 3247 742 3319 ipsunt
759 3248 898 3318 sepienti,
926 3248 1014 3319 qusl'e
1028 3249 1096 3306 hoc
1111 3253 1231 3307 Judseo-

182 3359 249 3399 rum
276 3340 345 3408 fuit,
367 3339 418 3394 ubi
443 3338 606 3394 necessitas
624 3355 683 3400 non
701 3355 765 3391 raro
792 3339 889 3406 cogit,
913 3337 979 3392 telis
1005 3348 1035 3393 et
1058 3351 1190 3397 statuere
1208 3350 1232 3393 et

181 3434 280 3487 secere
307 3440 336 3484 et
353 3429 542 3501 permittere,
563 3445 637 3498 (luae
659 3428 727 3480 elias
752 3428 860 3499 optimu
878 3428 995 3482 ratione·
1013 3430 1188 3487 riderentur
1209 3440 1231 3484 et

181 3520 418 3577 exsibilarentur.
455 3517 485 3573 N
489 3536 524 3572 ec
536 3529 607 3589 puto
620 3516 673 3569 ulia
692 3533 780 3571 ceusu
794 3515 923 3572 voluisse
939 3517 1044 3572 Deum
1058 3521 1228 3577 ceremoniis

184 3612 251 3667 istis
268 3609 412 3682 populum
428 3607 574 3675 formare,
593 3623 681 3677 quam
700 3607 781 3678 quod
798 3606 870 3668 vidit
888 3607 995 3676 vulgus
1009 3607 1172 3666 bominum
1184 3613 1230 3665 lst-

179 3700 227 3755 vis
250 3698 306 3754 illis
335 3707 364 3752 et
386 3696 544 3766 speciebus
564 3695 693 3749 maxime
717 3695 788 3750 affici
808 3705 836 3748 et
856 3695 932 3766 cepi.
965 3694 1015 3750 Ne
1042 3715 1118 3768 ergo
1142 3708 1230 3755 essent

181 3792 284 3846 inenes
304 3789 402 3843 larvae
420 3796 450 3841 et
469 3801 551 3840 mers
572 3785 737 3855 spectacula
748 3824 758 3853 ,
779 3784 886 3854 adjecit
904 3785 1029 3841 verbum
1048 3804 1161 3858 suum,
1180 3800 1230 3845 tan.

184 3895 273 3951 quem
291 3878 407 3950 pondus
432 3886 460 3929 et
480 3874 670 3931 substantiam
697 3874 860 3941 larvarum,
884 3891 944 3945 quo
963 3875 1058 3930 seriae
1085 3888 1117 3933 et
1135 3891 1228 3948 gretes

186 3968 310 4045 tierent,
329 3976 359 4024 et
373 3968 486 4024 scirent
504 3965 559 4038 ipsi
581 3964 652 4045 Deo
667 3964 802 4037 placere,
822 3980 898 4038 quae
915 3975 1069 4035 geteseutz
1086 3985 1126 4027 ue
1142 3970 1168 4028 si
1182 3969 1232 4026 siut
