2574 4724
562 363 567 370 ·
587 343 698 409 4521.
738 394 742 401 .
1129 341 1172 408 43

115 510 283 568 provocare
299 494 449 550 caelibum
467 497 502 551 ed
517 496 654 567 nuptias,
670 507 729 552 tem
742 497 841 553 'infidis
858 508 887 554 et
904 501 1024 555 incertis
1041 499 1171 572 Scriptu.

118 586 184 653 ris,
204 598 237 641 ut
256 596 363 658 postea
380 587 630 642 conscientiarum
649 599 787 660 perpetua
804 591 996 655 divexentur,
1024 599 1053 644 et
1068 593 1171 662 pejore

119 692 208 748 qnam
222 692 321 741 nunc,
338 685 450 733 cruce?
485 678 569 748 Opto
586 687 614 730 et
630 693 686 747 ego
703 678 876 733 caelibatum
892 680 1019 734 liberum
1038 680 1116 747 lieri,
1133 683 1171 736 si.

118 765 369 835 carlinagettom
382 767 486 836 exigit:
503 767 556 821 sed
572 769 724 838 quomodo
742 768 769 821 id
783 768 940 838 adeluiam,
954 772 1086 827 nondum
1099 772 1170 825 sutis

115 856 187 911 scio.
219 854 336 909 Verum
361 857 471 910 frustra
496 856 568 910 baec
590 871 718 921 moneo:
743 857 816 912 nolit
841 858 915 912 lorte
938 874 1025 912 suum
1048 875 1170 914 cursum

115 946 279 1011 reuroreri,¹
296 944 395 1014 itaque
412 936 627 999 sinendus'esr.

175 1032 273 1090 Maro
298 1035 476 1102 explicatum
505 1032 636 1088 breviter
658 1034 759 1088 locum
781 1032 950 1101 «iohannis,
977 1046 1009 1091 nt
1032 1036 1169 1092 voluisti:

116 1134 232 1177 restrae
259 1122 421 1177 industriae
447 1122 502 1175 erit
522 1121 551 1176 in
576 1122 647 1176 loco
674 1125 876 1178 commodiore
903 1140 1054 1194 reponere.
1087 1125 1170 1181 Nam

114 1229 170 1281 ego
184 1228 253 1267 non
268 1224 359 1265 reueo
376 1212 518 1265 memorie
536 1222 631 1265 toturn
643 1227 827 1267 sermonem:
846 1214 980 1284 suspicor
990 1226 1105 1277 autem,
1121 1230 1170 1269 me

114 1303 183 1358 setis
199 1302 329 1368 copiose
347 1312 431 1356 antee
446 1301 520 1355 haec
537 1301 665 1368 dixisse,
693 1312 726 1356 ut
743 1301 915 1356 abundantia
938 1304 991 1358 ista
1007 1321 1068 1357 non
1085 1305 1171 1359 luerit

113 1408 191 1464 opus
207 1393 348 1447 tonesse.

177 1482 233 1537 De
258 1481 397 1550 parientia
421 1475 574 1535 mei'exilii
590 1480 661 1535 nihil
679 1482 720 1536 sis
737 1482 878 1537 solicitus.
912 1479 982 1536 Mea
1001 1484 1080 1538 enim
1097 1481 1169 1537 adiit

116 1574 219 1639 refert,
236 1570 290 1624 ubi
308 1570 357 1624 ubi
375 1588 475 1640 agam:
501 1571 590 1626 modo
608 1589 668 1626 non
686 1572 741 1626 sint
758 1574 874 1627 tandein
892 1588 1038 1627 onerosus
1056 1585 1085 1627 ct
1104 1589 1169 1627 mo.

118 1662 205 1717 lestns
231 1660 283 1716 his
301 1660 482 1714 hominibus.
516 1660 675 1715 Neminem
693 1662 770 1715 enim
788 1662 895 1715 vellem
912 1678 966 1730 per
982 1677 1029 1714 me
1047 1662 1170 1730 gravari.

115 1754 251 1808 Omnino
269 1761 368 1805 autem
385 1751 488 1817 credo,
505 1766 553 1804 me
569 1750 620 1805 hic
639 1769 725 1822 agere
738 1753 873 1807 alimonie
891 1763 920 1807 et
933 1754 1072 1822 expensis
1085 1752 1170 1807 Prin.

119 1844 186 1915 cipis
202 1842 321 1897 nostri:
340 1840 449 1911 alioqui
466 1857 504 1894 ne
520 1840 624 1894 liorem
643 1842 762 1912 quidem
779 1841 828 1895 hie
844 1842 1049 1906 subsisterem,
1067 1842 1093 1896 si
1112 1841 1170 1895 sci.

120 1950 178 1988 rem
200 1932 297 2000 hujus
323 1931 376 1985 riri
393 1930 423 1994 ¹⁵)
448 1947 495 1985 me
520 1947 696 1986 consumere
714 1931 928 1998 substantiam,
954 1947 1122 2002 quanquam
1140 1942 1171 1986 et

118 2020 249 2077 hilariter
264 2031 295 2076 et
311 2019 435 2074 libenter
452 2022 550 2097 omnia
566 2021 637 2074 mibi
650 2021 802 2074 ministret.
836 2020 899 2073 Scis
916 2022 1012 2083 enim,
1030 2021 1127 2088 quod,
1144 2020 1170 2073 si

119 2112 285 2183 cujuspiam
310 2125 384 2180 opes
408 2109 571 2181 perdendae
595 2121 684 2176 sunt,
711 2109 880 2179 Principum
904 2108 1066 2177 perdendae
1084 2120 1168 2163 sunt:

118 2205 196 2275 quod
215 2203 386 2272 Principem
405 2217 491 2265 esse,
516 2210 544 2254 et
560 2218 620 2255 non
639 2201 733 2271 aliqua
752 2210 833 2271 parte
850 2200 992 2254 latronem
1011 2215 1095 2265 esse,
1119 2210 1170 2254 run

119 2310 198 2361 uon,
215 2302 267 2346 eut
282 2293 333 2345 vix
352 2289 491 2361 possibile
509 2298 554 2343 est
569 2329 577 2356 ,
595 2307 691 2361 eoque
708 2290 869 2359 majorem,
894 2306 954 2358 quo
972 2289 1067 2355 nrajor
1082 2288 1166 2343 Prin.

118 2400 187 2454 ceps
210 2382 307 2436 luerit.
342 2381 391 2434 Tu
420 2380 495 2434 bene
519 2381 641 2446 leceris,
670 2380 694 2434 si
722 2395 770 2432 me
795 2379 831 2433 de
855 2379 915 2433 hoc
938 2390 1051 2433 certum
1069 2379 1168 2434 lucios.

119 2472 258 2529 Nam-cx
275 2469 337 2523 hoc
353 2469 474 2524 bomine
491 2480 549 2524 tam
567 2469 676 2524 liberali
692 2468 763 2524 nihil
780 2469 940 2538 intelligere
954 2485 1094 2539 possum:
1113 2469 1168 2522 nisi

118 2530 195 2634 qn'orl
214 2579 230 2614 c
250 2560 401 2629 marsupio
419 2561 565 2631 principali
584 2576 632 2612 me
645 2570 796 2614 sustentet.
831 2558 884 2611 Sed
903 2560 945 2613 sic.
962 2572 1006 2613 cst
1018 2559 1165 2628 ingenium

117 2667 230 2716 meum,
249 2660 282 2704 ut
299 2662 428 2704 metuam
447 2666 512 2703 esse
530 2666 687 2709 onerosus,
704 2648 752 2702 ubi
766 2650 840 2703 forte
853 2665 996 2703 onerosus
1008 2667 1067 2703 non
1083 2666 1164 2703 sum:

116 2752 204 2811 etque
222 2741 285 2794 hoc
302 2752 433 2792 metuere
452 2742 536 2792 etiam
554 2740 636 2791 decet
655 2738 803 2792 liberalem
821 2741 957 2791 animum.

182 2832 233 2885 Fui
254 2831 387 2901 proxima
406 2830 472 2883 feria
491 2829 619 2882 secunda
639 2830 664 2881 in
683 2829 836 2882 venatione
854 2830 968 2881 duobus
988 2829 1106 2894 diebus,
1125 2831 1166 2882 vi.

78 2976 80 2982 ,
117 2938 205 2975 surus
223 2922 404 2989 voluptatem
421 2919 498 2972 illurn
517 2921 640 2972 heroum
658 2915 844 2990 pissimus:
874 2921 1004 2988 cepimus
1028 2921 1102 2971 duos
1127 2921 1167 2971 le.

116 3027 228 3082 pores,
246 3024 275 3063 et
293 3010 402 3078 aliquot
420 3010 581 3077 perdicnlas
600 3010 735 3062 miseras:
755 3009 869 3077 dignam
889 3010 1021 3078 prolecto
1040 3024 1167 3076 occupa.

117 3104 229 3156 tionem
254 3099 409 3153 hominum
437 3098 608 3154 otiosorum,
651 3098 885 3166 'I'heologisabar
915 3098 997 3149 etiam
1026 3095 1064 3149 ibi
1092 3097 1167 3150 inter

118 3192 190 3244 retia
202 3203 231 3243 et
243 3207 348 3245 canes:
366 3205 399 3241 ac
412 3199 549 3258 quamtum
564 3187 752 3258 voluptatis2)
767 3188 856 3241 attulit
870 3186 983 3255 species
998 3186 1043 3238 illa
1057 3203 1170 3256 rerum,

115 3292 230 3335 tantum
248 3280 465 3333 misericordiae
483 3291 509 3331 et
524 3279 633 3333 doloris
652 3279 769 3333 miscuit
780 3279 961 3347 mysterium.
998 3276 1074 3349 Quid
1089 3278 1166 3330 enim

117 3375 172 3427 ista
191 3371 300 3439 imag0‚
317 3371 372 3424 nisi
392 3369 549 3422 Diabolum
569 3369 707 3434 significat
726 3386 777 3437 per
794 3368 910 3421 insidias
928 3382 998 3420 suos
1016 3378 1043 3419 et
1062 3367 1166 3436 impios

116 3463 276 3528 magistros
294 3476 381 3513 canes
399 3476 482 3524 suos,
498 3461 604 3512 scilicet
623 3463 777 3529 episcopos
797 3473 824 3511 et
841 3457 1008 3525 theologos',
1026 3468 1165 3510 venantes

117 3552 253 3607 innoxias
273 3551 340 3604 istas
359 3549 516 3601 bestiolas?
552 3542 647 3602 Nimis
666 3558 866 3617 praesenserat
882 3546 908 3611 3)
927 3549 1094 3618 mysterium
1106 3547 1166 3601 hoc

115 3642 319 3696 tristissimum
338 3641 373 3692 de
392 3638 541 3692 animabus
559 3638 739 3711 simplicibus
757 3650 786 3692 et
804 3637 946 3693 fidelibus.

166 3828 187 3883 2)
202 3827 313 3875 Antii,
330 3825 396 3870 cod.
410 3825 473 3869 Jen.
489 3825 603 3885 raupta.
641 3826 664 3876 3>
679 3824 750 3875 stru.
775 3834 962 3882 praesenserant.

114 3940 314 3958 Μ-

167 4004 190 4055 'i
204 3967 528 4054 Drilssdtltfibuuttmuuns.
