2574 4724
183 279 243 343 130
303 296 307 306 '
661 284 750 352 1522.

180 450 255 506 qrrae
267 434 355 506 juxta
371 447 503 490 nostram
513 437 665 492 rationem
681 437 805 509 pulchra
822 438 946 493 adulatio
964 447 992 494 et
1006 439 1132 497 veritatis
1146 438 1230 495 Clari.

182 525 292 580 stianae
310 524 460 594 abnegatio
476 538 539 594 est,
564 539 593 582 et
611 529 753 599 ipsissima
769 533 995 603 sparnemalla,
1024 550 1111 603 quarn
1136 532 1231 602 Scrip.

179 623 259 669 turae
277 614 319 668 sic
336 615 532 680 detestantur,
549 627 582 670 ut
594 615 665 671 nihil
679 617 893 672 vehementius.
906 619 932 682 ¹)
957 619 1021 687 Ego
1035 638 1091 675 nec
1104 622 1229 677 inituicis

179 703 304 774 optarim
321 701 403 758 hunc
419 704 549 759 animum
565 707 597 766 2)
622 706 755 776 probari,
781 720 810 761 et
828 717 939 761 tautum
957 708 1056 773 abest,
1083 720 1112 763 nt
1129 722 1231 782 optem

178 790 237 846 hac
260 804 308 846 tua
326 792 436 847 ratione
448 793 546 863 jurari
562 793 774 862 Evangelium,
799 807 830 850 ut
853 793 935 850 nilril'
948 798 1153 874 vehementius
1181 801 1231 851 de.

179 897 293 952 precer.
328 881 368 936 Et
391 881 462 936 faxit
486 882 639 948 Christus,
667 900 726 938 non
752 894 784 938 ut
806 882 880 940 nihil
903 903 1096 956 promoveas,
1122 889 1174 942 sed
1197 896 1232 942 ut

179 978 280 1027 servet
295 980 323 1026 te
340 971 497 1026 nobiscum
507 1011 516 1038 ,
535 989 571 1025 ne
589 989 711 1026 noceas.

252 1069 512 1124 Mansuetudinem
526 1081 555 1124 et
571 1069 777 1139 benignitatem
794 1072 981 1128 christianam
998 1072 1102 1144 exigis,
1120 1072 1230 1137 scio:³)

180 1161 232 1215 sed
249 1160 319 1231 quid
337 1159 500 1215 Christiano
517 1153 548 1223 ⁴)
569 1171 596 1215 et
616 1161 780 1215 adulatori?
811 1161 871 1216 Res
893 1176 990 1232 aperta
1012 1175 1056 1218 est
1074 1176 1102 1219 et
1121 1164 1230 1234 simpli.

179 1236 298 1304 cissima
325 1247 581 1306 christianismus:
599 1242 630 1314 ⁵)
656 1265 736 1316 rem,
760 1250 837 1304 sicut
860 1249 969 1318 habet,
994 1254 1166 1321 cognoscit,
1192 1258 1231 1308 ita

178 1341 292 1394 fatetur.
315 1330 343 1404 ⁶)
376 1336 457 1391 Male
475 1337 572 1390 valere
589 1337 694 1392 volunt
712 1338 795 1392 etiarn
815 1339 936 1406 gentiles
954 1357 1007 1394 eos
1026 1334 1152 1410 amicos,
1179 1345 1229 1414 qai

178 1429 253 1484 viriis
269 1427 432 1482 anticorum
449 1425 646 1494 blandiuntur,
663 1435 694 1480 et
705 1427 811 1482 veritas
825 1427 935 1482 Christi
952 1429 1028 1483 vitiis
1046 1443 1074 1484 et
1092 1432 1229 1502 impietati

179 1518 266 1573 simul
283 1516 408 1570 blandiri
426 1516 549 1586 poterit?

243 1615 310 1670 Nos
329 1626 426 1668 autem
448 1613 499 1668 tibi
516 1605 548 1680 7)
565 1620 696 1666 nostram
714 1627 834 1682 quoque
854 1613 996 1666 rationem
1021 1629 1227 1684 exponemus,

182 1716 293 1759 etcum
311 1703 413 1758 liducia
430 1701 637 1773 subjudicium
654 1713 737 1756 tuum
756 1715 786 1755 et
805 1702 894 1755 totins
912 1701 991 1755 orbis
1011 1720 1227 1773 proponemus,

178 1794 250 1860 nihil
264 1793 362 1860 ueriti,
379 1792 460 1863 quod
472 1790 592 1859 scribis,
610 1788 717 1844 offendi
736 1789 813 1858 vulgi
826 1789 970 1859 judicium
981 1788 1007 1855 ³)
1025 1794 1227 1851 mordacitate.

180 1883 280 1954 Quem
297 1883 376 1936 euim
392 1873 418 1946 ⁹)
435 1897 496 1935 uon
513 1867 680 1934 offendebat
697 1876 854 1946 Christus,
877 1890 926 1933 aut
943 1897 1032 1950 quem
1049 1900 1108 1936 nou
1126 1900 1229 1950 argue.

178 1972 250 2027 luit?
284 1971 323 2026 Et
348 1968 386 2036 ¹⁰)
410 1970 532 2039 spiritus
557 1967 687 2022 veritatis
713 1967 820 2036 arguit,
847 1984 908 2021 uon
933 1967 1089 2025 blanditur.
1123 1974 1229 2040 Arguit

179 2080 253 2116 vero
271 2077 330 2117 uon
348 2060 473 2134 aliquot,
490 2057 543 2112 sed
559 2066 653 2112 toturn
670 2057 822 2112 mundruu.
857 2058 948 2125 lgitur
963 2076 1019 2114 uos
1030 2061 1074 2115 sic
1085 2064 1228 2132 sapimus,

181 2153 279 2207 omnia
303 2164 424 2221 prorsus
449 2163 515 2202 csse
536 2145 795 2217 reprehendenda,
819 2149 979 2216 arguenda,
1005 2152 1229 2220 contundenda,

179 2242 254 2298 nihil
268 2240 450 2313 pascendum
466 2237 537 2292 nihil
549 2236 783 2303 connivendum,
802 2237 872 2310 nilril
885 2240 1102 2310 excrrsandum‚
1120 2255 1151 2296 ut
1167 2260 1230 2314 me,

180 2333 229 2387 dio
246 2343 307 2386 stet
319 2345 425 2399 campo
442 2327 479 2394 ¹¹)
497 2327 587 2382 libera
604 2338 633 2380 et
647 2336 746 2395 aperta
764 2334 792 2379 et
809 2342 879 2395 pura
897 2328 1013 2383 veritas.
1229 2331 1232 2336 '

246 2432 342 2487 Porro
356 2430 431 2483 aliud
441 2439 487 2482 est
497 2442 567 2493 eos,
584 2409 660 2497 riuos
672 2422 866 2492 corripueris,
883 2437 996 2478 summa
1008 2427 1229 2481 mansuetudine

182 2521 351 2591 suscipere,
370 2517 511 2584 tolerare,
531 2516 651 2585 jurare.
667 2514 703 2578 12)
721 2511 787 2566 Ηοο
800 2512 864 2581 jam
880 2513 915 2568 ad
933 2513 1080 2580 charitatis
1098 2529 1125 2571 et
1143 2517 1229 2571 officii

181 2610 352 2682 exemplum
368 2608 509 2680 pertinet,
534 2620 594 2660 non
611 2603 648 2659 ed
664 2601 855 2657 ministerium
874 2603 966 2658 verbi.
1003 2604 1082 2660 Nam
1099 2617 1127 2660 et
1144 2607 1232 2662 chri,

183 2714 245 2757 stus
263 2715 332 2754 cum
349 2697 490 2752 acerrime
508 2709 612 2751 omnes
630 2692 769 2762 arguerit,
788 2704 884 2746 tamen
901 2689 938 2758 13)
959 2705 1039 2765 optat
1054 2697 1156 2764 gallina
1174 2697 1229 2752 iltis

183 2805 269 2858 esse,
286 2798 315 2842 et
330 2787 385 2841 sub
402 2787 454 2839 alis
470 2784 537 2839 iilos
554 2777 592 2849 14)
608 2781 756 2849 colligere.
790 2778 925 2836 Charitas
943 2795 1006 2849 est,
1023 2801 1096 2856 quae
1115 2778 1150 2850 ¹5)
1168 2803 1232 2840 om.

183 2878 231 2936 eie
247 2877 387 2941 sustinet,
406 2873 503 2928 omnia
520 2872 640 2936 suffert,
663 2869 762 2924 omnia
778 2880 892 2939 sperat:
917 2870 988 2926 tides
1007 2888 1079 2928 vero
1096 2891 1148 2927 seu
1165 2892 1231 2928 ver,

182 2970 255 3024 burn
272 2980 395 3040 prorsus
412 2963 482 3019 nihil
500 2963 644 3026 sustinet,
661 2959 714 3013 sed
732 2960 839 3027 arguit,
864 2960 1003 3026 devorat,
1030 2980 1081 3016 seu
1099 2972 1128 3016 ut
1144 2963 1232 3016 dere.

183 3062 257 3115 urias
287 3057 374 3122 dicit,
399 3053 511 3120 evellit,
536 3051 670 3116 destruit,
688 3057 718 3102 et
735 3048 869 3119 dissipat,
895 3059 924 3104 et
946 3050 1151 3119 maledictus,
1176 3054 1232 3125 qni

177 3151 267 3224 facit
280 3130 362 3221 opus
378 3143 512 3202 Domini
520 3140 761 3214 fraudulenter.

252 3248 339 3302 Aliud
358 3257 419 3312 eet,
438 3244 573 3314 inquam,
591 3239 630 3293 rui
648 3237 782 3306 Fabrici,
800 3229 835 3304 16)
858 3238 962 3292 vitium
979 3238 1094 3292 laudare
1112 3241 1160 3292 vel
1179 3257 1231 3295 ex,

185 3349 325 3406 tenuare,
355 3346 384 3390 et
410 3333 489 3387 aliud
515 3330 641 3399 benigue
666 3318 701 3392 n')
730 3336 759 3380 et
787 3327 917 3381 suaviter
941 3344 1055 3381 curare.
1097 3328 1233 3385 Primum

188 3471 712 3504 μ’...

241 3581 262 3631 1)
276 3577 374 3623 Viteb.
383 3577 441 3620 -et
450 3564 809 3630 lpsissima—-relrcmeutius
829 3565 930 3616 &raud
940 3566 971 3612 tra
982 3576 1000 3612 r.
1010 3567 1070 3616 aa).
1103 3570 1125 3619 23·
1137 3569 1230 3614 ansts,

189 3652 378 3708 lallnamiruur.
415 3641 654 3699 stiland-erio.
687 3638 982 3690 ttanrltclrristiauis.
1016 3642 1146 3688 statuis,
1167 3643 1232 3686 cart-.-

179 3727 352 3775 stianissimns.
387 3714 834 3773 d)Viteb.etaerrascitetfatetur.
873 3715 895 3764 l')
915 3715 1111 3760 aurit-tibi.
1148 3718 1232 3767 salsa

187 3802 245 3848 leb.
260 3796 443 3844 multitudinem.
481 3794 504 3841 9)
523 3789 617 3835 Auris.
634 3790 723 3832 autem.
761 3785 972 3838 lardariam
1011 3788 1231 3841 mvtrebffpp·

190 3867 462 3924 raviteuinvttare.
502 3866 535 3911 13)
549 3861 646 3906 vitet».
661 3863 718 3904 tuni.
759 3859 791 3906 ru
812 3857 907 3903 l’iteb.
922 3855 1099 3912 ᾗπερ-11103.
1139 3864 1171 3911 15)
1186 3860 1231 3903 Vi.

187 3947 322 3994 teu-est
331 3952 398 3998 quae.
429 3941 463 3989 tu
477 3935 574 3984 vitea.
588 3937 625 3982 eat
634 3932 713 3986 min,
726 3929 824 3979 Feltria-i.
855 3932 888 3986 lll
902 3931 998 3981 vitet.
1014 3933 1078 3980 aliud
1087 3934 1230 3991 berriguiter.
