2574 4724
544 321 634 383 1521.
1076 320 1116 391 95

52 476 115 547 bo,
137 473 195 532 sed
213 473 325 545 gloriae
341 472 425 530 verbi
443 473 649 533 adhaeserunt.
684 474 744 551 Qui
761 472 855 533 verbo
873 472 1013 532 adhaeret
1030 494 1120 551 prop.

53 580 101 623 rer
118 568 270 635 verbum,
287 567 379 638 portis
395 567 478 622 inferi
495 567 705 634 avertentibus,
722 584 783 622 non
797 568 930 622 avellitur
946 567 982 621 ab
996 583 1049 622 eo:
1068 568 1119 639 qui

54 661 224 724 alienatur,
241 657 394 710 alienetur.
423 656 485 709 Cur
499 673 560 711 non
577 666 689 727 spectet
704 665 806 710 nostra
823 656 945 710 meliora
962 666 991 711 et
1009 656 1121 713 lirmio.

54 758 109 805 rat
128 765 189 803 cur
205 756 321 818 spectat
336 747 439 820 pejora
457 757 486 800 et
501 744 681 802 infirmiora?
706 746 838 818 nunquid
854 745 1009 818 Philippus
1027 756 1060 802 et
1072 745 1119 802 sui

54 847 241 893 recussnmr
261 838 321 892 lroc
343 834 484 890 crimine?
510 850 566 888 cur
587 851 659 905 ergo
675 845 758 889 totos
775 837 912 890 damnant
927 836 968 889 ob
985 844 1118 907 partem?

56 927 169 983 Minus
186 935 344 997 peccatum
362 935 426 991 est,
450 924 572 994 impium
588 923 821 994 praedicatorem
837 923 1002 993 esibilrsse,
1029 920 1118 995 quam

57 1017 231 1070 doctrinam
254 1015 318 1084 ejus
342 1012 465 1067 fideliter
487 1021 670 1082 acceptasse:
701 1011 763 1066 hoc
787 1021 942 1084 peceatum
968 1013 1117 1084 leudutur3

57 1106 137 1160 istud
154 1104 360 1159 irremissibile
370 1106 505 1174 jaculor.
541 1102 581 1157 Et
597 1101 658 1157 lros
669 1102 805 1171 judices,
829 1100 885 1157 hae
907 1103 1062 1175 aequitates
1083 1114 1118 1160 tu

57 1195 221 1265 formidas,
238 1207 269 1248 ut
284 1195 428 1247 ruiturum
446 1192 640 1263 Evangelium
657 1203 744 1265 putes
761 1191 802 1247 ob
818 1192 876 1249 hos
892 1193 1002 1249 fumos.

123 1333 362 1401 Abrogstionem
375 1331 530 1385 missarum
542 1329 687 1385 conlirrno
696 1328 771 1400 hoe,
781 1347 871 1404 quem
883 1331 982 1401 mitto,
993 1330 1116 1400 librol)

59 1423 234 1482 Psreclesio
251 1440 311 1477 non
327 1422 407 1494 potui
423 1439 540 1494 parare,
565 1437 620 1475 uec
640 1421 727 1476 video
750 1422 967 1490 necessariam,
990 1440 1061 1478 cum
1078 1424 1117 1481 sit

60 1524 272 1585 argumentum
288 1511 351 1588 lroc
367 1528 383 1565 s
398 1527 448 1565 me
465 1520 621 1566 tractatum
638 1509 666 1565 in
683 1509 937 1568 Tesseradeoade:
955 1529 1044 1585 quom
1060 1529 1116 1569 cur

61 1623 119 1660 eoo
132 1603 290 1671 legendam
302 1601 393 1656 datis?
412 1608 460 1653 out
475 1616 531 1653 cur
547 1617 605 1654 non
624 1600 722 1670 potius
740 1599 896 1670 Evangelia
908 1611 936 1656 et
948 1602 1116 1674 pussiouem

61 1693 175 1750 Christi
194 1693 221 1746 ei
238 1691 407 1756 inculcatis,
430 1705 490 1761 quo
510 1689 614 1743 solutio
637 1688 709 1743 nihil
733 1701 779 1745 est
801 1691 999 1762 praesentius:
1024 1709 1061 1747 au
1077 1694 1115 1749 ad

61 1784 198 1855 singulos
215 1794 301 1835 casus
318 1795 396 1834 nova
417 1777 490 1843 mihi
514 1794 633 1849 semper
659 1777 810 1833 scribenda
833 1780 1019 1839 consolatio?
1045 1782 1114 1853 quid

60 1876 157 1929 dicent
182 1870 363 1928 adversarii?
396 1868 487 1923 Simul
511 1884 600 1938 spero
623 1868 813 1923 suffecturam
835 1869 964 1941 Philippi
987 1872 1115 1942 paracle.

60 1968 125 2031 sin,
149 1978 223 2019 cum
247 1960 363 2016 interim
385 1969 414 2012 et
435 1957 616 2013 deferbuisse
634 1959 769 2029 suspicor
785 1958 871 2013 animi
888 1959 1113 2030 aegritudinem,

61 2066 92 2108 nt
109 2052 195 2109 sorde
213 2050 316 2121 etjam
333 2049 440 2102 inutilis
458 2048 554 2102 veniat
568 2063 631 2100 meu
646 2046 817 2117 partclesis,
834 2064 890 2100 nec
902 2049 940 2102 sit
950 2050 1114 2120 periculum

61 2144 100 2200 ibi
117 2141 292 2215 impietatis,
309 2140 389 2211 quod
407 2137 512 2192 differri
529 2148 577 2192 out
593 2136 697 2205 negligi
714 2152 775 2191 non
790 2137 829 2191 sit
844 2148 957 2197 tutumt
973 2137 1023 2194 hio
1039 2154 1113 2195 vero

62 2247 211 2306 praeseus
229 2238 272 2283 est
288 2227 410 2299 perditio
427 2228 604 2292 unimam,
622 2225 651 2280 iu
669 2242 726 2297 qus
741 2224 857 2282 laboro.

124 2368 200 2422 dum
217 2367 295 2419 enim
313 2373 342 2418 et
359 2363 566 2431 religiosorum
584 2373 652 2416 vora
671 2362 785 2432 aggredi
808 2372 924 2429 statuo,
948 2373 978 2422 et
999 2364 1114 2433 adoles.

61 2471 165 2515 centes
189 2456 314 2511 liberare
337 2469 376 2507 ex
399 2455 456 2507 isto
480 2453 594 2507 inferno
619 2452 777 2508 coelibatus
801 2455 921 2508 uredine
938 2465 968 2510 et
983 2454 1113 2514 fluxibus

59 2546 305 2605 immundissimis
323 2556 352 2597 et
369 2543 602 2596 damnatissimis.
637 2541 748 2597 Partim
760 2542 833 2596 haec
845 2554 992 2613 tentatus,
1009 2549 1114 2617 partim

59 2642 228 2709 indignatus
241 2635 358 2689 scribo:
375 2644 406 2686 tu
423 2633 492 2686 boni
510 2633 655 2686 consules.
690 2631 760 2686 Non
779 2633 855 2687 euim
873 2651 948 2690 unus
967 2651 1012 2690 est
1028 2637 1113 2693 Satuu

57 2746 181 2785 mecum
197 2741 253 2781 seu
271 2727 367 2794 potius
382 2734 484 2776 contra
502 2738 567 2789 me,
592 2722 640 2792 qui
658 2722 840 2787 sumemus,
867 2726 1021 2794 aliquando
1038 2744 1112 2782 vero

56 2839 117 2876 non
145 2819 242 2874 solus.
280 2816 349 2867 lale
367 2815 463 2884 itaque
481 2822 510 2864 et
527 2813 616 2865 salum
634 2827 738 2865 omues
755 2824 891 2867 nostros·
922 2817 967 2868 Ad
990 2815 1114 2870 Gerbel.

54 2915 127 2967 lium
146 2911 328 2977 scripseram
349 2912 415 2957 aute
439 2902 535 2954 literas
560 2900 755 2964 novissimas,
777 2913 804 2955 et
829 2904 927 2956 omnis
949 2903 1062 2960 incluso
1085 2916 1114 2960 et

52 3005 171 3073 signnm
188 3005 281 3050 erant.
315 2992 374 3047 Die
393 2993 420 3046 S.
440 2990 582 3057 Martini,
602 3006 678 3053 armo
695 2990 852 3046 Mnxxl.

699 3175 737 3230 T.
755 3175 900 3232 Martinus
917 3179 1080 3238 Lrltherus.

41 3733 590 3773 ...p-m...-

97 3855 125 3902 ·)
145 3846 214 3894 ‘Rom
228 3836 366 3888 mifiricum
380 3838 416 3881 ier
430 3833 509 3883 metir.
532 3828 687 3883 ‘Sittruirroi
703 3831 758 3876 1322.
778 3833 827 3880 dol.
841 3831 875 3878 De
890 3834 1024 3891 abroganda
1038 3837 1109 3886 missa

37 3927 161 3989 privata.
190 3913 332 3964 orentius
345 3915 385 3960 unt
398 3907 467 3959 ulrici
480 3905 544 3953 utut>
558 3909 627 3949 uutrr
642 3905 703 3955 1521]
717 3903 769 3950 oter
783 3906 806 3951 ri
816 3907 912 3958 resulto
922 3910 962 3960 erit
972 3912 1005 3959 un
1014 3914 1040 3965 3.
1049 3916 1107 3967 tm

35 4008 71 4051 to
85 4000 115 4047 rs
133 3987 260 4043 &solutio
274 3983 415 4037 suridliirlt.
