2574 4724
191 304 233 374 ⁴2
672 313 762 375 1⁵21.

191 467 287 523 iraculi
304 465 534 543 misissem„ita
552 467 688 536 sordide,
716 469 753 524 ita
770 466 973 538 negligenter,
990 469 1028 523 ita
1043 468 1172 524 confuse
1186 483 1239 525 ex.

192 559 346 625 cuduntur,
359 569 391 612 nt
403 543 539 629 typorum
552 569 582 614 et
593 561 691 631 papyri
704 560 883 628 dissimulem
892 557 1011 615 sordes.
1042 557 1238 628 ‹lohannes')

191 649 427 721 chalcographus
450 659 495 705 est
509 650 644 705 Joannes
665 650 694 704 iu
711 652 816 705 eodem
834 659 979 720 tempore.

258 739 397 795 Obsecro
414 750 461 808 te,
478 756 563 808 cura,
579 756 618 794 ne
634 741 658 795 is
675 740 845 794 vernaculas
863 740 1002 795 Postillae
1026 736 1155 795 excudei
1178 740 1239 795 nilo

190 830 302 897 modo,
328 831 380 884 sed
404 842 438 886 nt
464 841 598 886 servetur
614 832 712 903 potius
735 850 769 886 ac
788 833 951 887 remittatur
966 831 1107 902 quicquid
1123 820 1239 885 illenim

190 919 274 986 misi,
290 932 323 975 ut
339 923 394 976 alio
411 923 535 976 mittam.
552 920 651 995 ‘Quid
668 923 746 977 enirn
762 923 886 995 prodest
902 922 1053 977 lahorasse
1066 931 1197 988 tantum,
1215 923 1240 975 ei

190 1010 277 1065 tantis
296 1011 434 1066 sordibus
452 1023 481 1067 et
498 1010 724 1066 confusionibus
742 1012 828 1066 detur
844 1011 967 1066 cacteris
980 1009 1171 1082 typographis
1187 1028 1240 1065 oo.

193 1091 274 1155 caiio
299 1102 421 1171 augendi
445 1111 474 1156 et
489 1101 698 1174 multiplicandi
715 1103 822 1157 errati?
854 1101 959 1157 Nolim
974 1099 1035 1155 hoc
1052 1101 1193 1173 exemplo
1211 1102 1240 1156 in

191 1189 350 1259 Evangelia
368 1200 396 1244 et
412 1191 560 1265 Epistolas
577 1193 711 1264 peccari:
726 1202 853 1263 praestat
871 1194 979 1258 latere,
1002 1208 1098 1264 quam,
1115 1193 1159 1247 sic
1175 1192 1238 1247 etii:

190 1283 315 1354 deniqne
332 1283 390 1358 hac
407 1296 496 1339 causa
512 1284 575 1352 jam
591 1283 663 1338 nihil
680 1284 783 1351 mitto,
799 1300 868 1338 cum
884 1283 1118 1339 habeam-femie
1133 1283 1238 1338 decem

188 1368 313 1441 'magnos
330 1375 537 1445 quaterniones
554 1375 583 1427 in
600 1374 701 1428 eadem
719 1391 767 1428 re:
791 1373 923 1444 nihilque
939 1389 1064 1445 prorsus
1089 1373 1237 1429 missurus

190 1463 334 1534 amplius,
352 1464 448 1517 donec
465 1480 660 1531 cognovero,
678 1464 814 1518 sordidos
833 1463 904 1518 istos
923 1464 1124 1534 quaestuarios
1141 1462 1237 1518 minus

189 1556 291 1606 'curare
309 1564 464 1624 quaestum
481 1558 508 1609 in
522 1553 702 1609 excudendis
715 1549 811 1618 libris,
830 1569 916 1623 quam
929 1554 1060 1608 fructum
1071 1553 1238 1622 legentium.

190 1637 274 1715 Qniii
304 1642 380 1696 enim
397 1643 462 1697 talis
480 1658 613 1696 excusor
636 1642 752 1697 videtur
768 1643 913 1711 cogitare,
936 1642 991 1697 nisi
1013 1642 1091 1698 hoct
1114 1640 1238 1708 sufficit,

190 1731 272 1801 quod
289 1749 344 1800 ego
364 1731 517 1800 pecuniam
534 1731 674 1802 acquiro:
704 1733 833 1799 legentes
851 1731 994 1800 viderint,
1008 1730 1088 1801 'quid
1111 1738 1140 1785 et
1161 1747 1238 1802 quo.

189 1821 281 1875 modo
297 1821 403 1888 legant.
438 1820 553 1875 Latomi
581 1831 640 1875 tres
667 1821 875 1892 quaterniones
892 1820 1047 1894 Philippus
1064 1821 1162 1888 misit,
1187 1821 1237 1892 qui

191 1911 275 1965 valde
295 1912 415 1982 placent.

256 1993 356 2079 Quam
375 2000 482 2055 vellem
501 1999 695 2055 Caristadinm
712 2001 784 2067 niti,
800 2010 833 2055 nt
850 2000 1024 2056 caelibatum
1040 2001 1130 2055 istum
1147 2000 1240 2073 aptio.

188 2087 269 2144 ribus
288 2087 437 2161 icriptnris
455 2092 635 2149 confutaret:
665 2100 786 2156 metuo,
815 2107 852 2145 ne
876 2089 931 2147 sibi
954 2099 983 2143 et
1006 2089 1094 2145 nobis
1112 2087 1237 2145 fabulam

188 2180 307 2234 excitet.
345 2182 430 2253 Quae
450 2195 493 2235 est
508 2184 586 2235 enim
605 2181 819 2250 interpretatio:
847 2197 949 2235 semen
967 2179 1028 2234 deri
1042 2178 1192 2248 Moloch,
1208 2180 1237 2234 id

189 2285 273 2336 esse,
298 2273 379 2342 quod
404 2271 493 2342 pollui
517 2270 661 2339 profluvio
682 2279 823 2326 naturae?
843 2271 935 2341 ·qnasi
958 2269 1035 2323 ullus
1058 2268 1154 2324 homo
1177 2287 1237 2324 non

190 2361 280 2423 sciat,
306 2377 407 2414 semen
437 2378 473 2412 eo
502 2362 558 2413 loci
586 2378 640 2431 pro
658 2361 756 2426 liberis
780 2370 809 2414 et
832 2361 916 2432 prole
934 2361 1043 2432 accipi,
1070 2373 1102 2413 ut
1126 2360 1236 2416 Psalm.

188 2448 344 2506 Lxxvtt.
364 2462 393 2504 et
408 2449 482 2503 ioh.
495 2451 529 2503 V.
550 2449 581 2512 ¹)
606 2451 751 2505 scribitur.
785 2450 847 2504 Cur
863 2468 924 2505 non
941 2450 1029 2504 utitur
1044 2449 1145 2505 verbis
1164 2450 1238 2506 Scri.

187 2549 307 2609 ptume,
336 2555 410 2608 quae
434 2539 495 2592 hoc
518 2540 628 2594 malum
646 2541 769 2610 appellat
785 2539 938 2595 mollitiem
962 2549 990 2595 ct
1006 2540 1237 2606 immunditiam,

188 2638 224 2698 ut
242 2626 406 2696 Apostolus
425 2628 525 2682 solet?
557 2628 627 2682 iam
646 2629 747 2683 locum
764 2629 800 2682 ad
815 2629 1016 2692 Timotheum
1028 2628 1063 2682 de
1080 2629 1240 2700 rejicienda

188 2717 272 2769 vidua
290 2717 323 2769 atl
343 2716 513 2772 caelibatum
532 2719 682 2789 torqueri,
712 2717 811 2774 multis
829 2719 924 2775 modis
950 2728 979 2773 et
996 2719 1119 2775 feliciter
1134 2721 1238 2776 coufu.

189 2805 261 2860 tabit
279 2806 470 2862 adversarius

256 2896 380 2963 Insignis
399 2907 560 2960 estonum,
578 2912 664 2968 quarn
683 2896 823 2967 suscepit,
841 2906 871 2950 et
888 2899 1014 2967 optimus
1026 2906 1168 2957 conatus:
1186 2901 1238 2955 sed

189 2984 349 3051 insignem,
373 2986 509 3040 dextmrn
527 2985 551 3050 ¹)
579 2997 607 3040 et
632 2982 746 3041 felicem
772 3004 891 3058 quoque
917 3001 999 3059 opto.
1032 2986 1122 3044 Vides
1149 2990 1238 3056 enim,

189 3087 329 3146 quantum
346 3077 419 3132 lucis
437 3089 464 3130 et
481 3077 615 3146 energiae
632 3078 748 3146 exigant
765 3095 779 3130 a
798 3077 884 3132 nobis
904 3078 1075 3144 adversarii,
1100 3090 1134 3132 nt
1151 3081 1239 3135 enain

190 3167 372 3237 apertissima
398 3177 427 3222 rt
449 3168 595 3239 aptissima
620 3167 841 3222 calumnientur.
878 3167 947 3241 Quo
966 3169 1056 3241 magis
1075 3171 1238 3224 curandum

188 3257 274 3310 nobis
297 3268 358 3324 est,
382 3258 433 3328 qni
456 3257 537 3312 orbis
559 3257 704 3311 theatrum
721 3248 852 3325 snmus,
879 3269 911 3314 nt
927 3258 1182 3330 irreprehensibile
1201 3264 1238 3316 sit

188 3348 313 3401 verbnm
331 3359 483 3418 nostrum,
499 3360 530 3401 ut
548 3348 657 3403 Paulus
674 3350 773 3405 docet.

255 3437 342 3491 Forte
368 3439 458 3492 aliena
481 3437 533 3491 hio
558 3453 652 3506 curo,
680 3439 731 3494 sed
756 3439 845 3494 aliena
862 3457 922 3495 non
940 3451 1024 3507 snnt,
1052 3440 1076 3494 si
1100 3443 1240 3498 succedat

190 3539 312 3580 conatus
329 3527 402 3598 ejus.
438 3527 518 3602 Quid
545 3527 623 3581 enirn
646 3528 859 3598 periculosius,
888 3545 977 3601 quam
995 3540 1105 3585 tantam
1120 3531 1240 3588 turham

227 3713 248 3761 t)
263 3709 524 3770 immitterentur
536 3712 666 3763 enuntiet
676 3712 779 3761 aeliani
793 3713 985 3761 antrantbcod.
994 3715 1057 3761 Jen.
1068 3715 1240 3772 letdextran,

191 3788 237 3833 nnn
250 3793 317 3832 nnn
330 3796 384 3832 inan
398 3789 441 3834 alte
454 3787 511 3839 ittir
524 3789 575 3839 iren
589 3787 721 3838 ittirttluru
734 3789 776 3840 nui
787 3791 902 3836 conatum
912 3789 1010 3841 uenienti
1029 3791 1052 3843 ia
1070 3790 1121 3844 niet
1134 3791 1160 3840 ri
1172 3792 1239 3841 einer

193 3860 310 3911 frillitlnn
323 3861 399 3912 etun.

190 3943 417 3959 *u—-nu—-u-

241 3987 263 4035 'i
279 3983 335 4037 fioli-
349 3983 409 4036 filii.
443 3986 479 4034 “l
495 3983 530 4036 Εὖ
543 3983 570 4039 tit
582 3983 644 4038 weil
656 3983 713 4039 Sub.
726 3983 803 4036 vulzi
815 3985 848 4034 33·
860 3984 895 4036 3?-
907 3980 1016 4042 meliti.
