2574 4724
124 320 163 381 to
274 372 277 377 Α
607 319 698 386 taut.
745 292 756 329 '·

124 472 242 533 otietur.
276 471 425 528 Dominus
441 481 540 529 servet
556 483 586 529 ot
600 487 702 547 augeat
725 476 770 543 id,
795 475 875 549 quod
893 476 1000 533 acribia
1017 477 1055 532 ale
1076 468 1200 535 itera>

122 565 181 619 riae
199 565 241 619 rei
259 565 408 632 felicitate,
428 568 531 620 Amen.

187 656 238 711 De
255 672 303 710 me
322 657 406 727 plane
423 657 494 710 nulo
510 673 566 711 vos
584 657 741 728 quicquam
759 673 824 711 esse
841 656 985 713 solicitos.
1018 657 1051 712 Si
1069 673 1169 729 pem

121 763 191 802 nam
203 760 330 818 meotes,
342 749 440 803 omnia
452 746 526 802 bene
537 747 660 813 habent,
676 749 730 801 nisi
748 749 826 818 quod
845 747 930 801 animi
946 748 1083 803 molestia
1098 764 1170 803 nou.

122 836 191 891 tlatn
216 837 322 904 cessit,
352 847 380 891 et
411 839 491 908 prior
517 837 633 907 spiritua
655 854 689 889 ac
718 837 783 890 litlei
809 836 959 890 infirmitas
984 846 1171 908 pertenenti

121 919 180 987 aiii
205 922 362 999 ἀναχώρησίς
384 948 432 992 μοι
455 941 584 996 ptotsua¹
601 925 686 980 nihil:
714 929 813 998 etqui
842 927 871 980 in
898 927 1050 980 tractando
1076 925 1169 981 verbu

120 1031 270 1086 nunqnam
296 1032 360 1069 mea
377 1017 529 1070 voluntate
547 1026 678 1070 versatus
695 1030 761 1070 sum
771 1055 781 1082 ‚
807 1015 844 1069 ita
861 1030 932 1069 cum
951 1031 1056 1084 magna
1072 1014 1168 1073 cumb

120 1120 193 1175 pace
202 1106 341 1159 exclusus
351 1121 428 1159 sum.
464 1109 548 1176 Aque
563 1105 636 1159 ltaec
650 1107 684 1160 ita
696 1106 815 1173 babent,
834 1107 914 1176 quod
927 1106 962 1160 ad
974 1122 1022 1159 me
1034 1104 1167 1176 pertinet.

187 1194 342 1248 Caeterum
360 1211 414 1263 pto
432 1193 515 1248 verbi
532 1195 644 1264 gloria,
670 1204 697 1248 et
714 1195 837 1249 aliorum
855 1207 884 1250 et
899 1211 964 1248 mea
981 1204 1084 1248 mutua
1101 1208 1168 1250 com

122 1281 285 1338 firmatione
303 1287 419 1339 mallem
438 1285 513 1338 inter
529 1285 673 1340 carbones
686 1286 771 1341 vivos
788 1285 902 1352 artiore,
918 1301 1008 1356 quam
1025 1285 1107 1341 solut
1122 1299 1165 1339 ιι.

119 1373 245 1431 mivivus
255 1411 265 1440 ‚
282 1384 368 1445 atque
386 1373 493 1428 utinam
510 1392 571 1428 non
588 1386 728 1439 mortuns,
746 1391 857 1443 putere.
890 1374 1002 1429 Verum
1021 1375 1089 1446 quia
1100 1374 1166 1443 seit,

120 1474 149 1517 et
170 1480 205 1518 an
231 1478 268 1518 oo
289 1464 412 1518 consilio
438 1464 503 1534 plus
522 1481 698 1533 promovere
716 1467 784 1518 velit
804 1465 961 1533 Christus,
986 1482 1048 1521 nun
1065 1464 1095 1520 in
1109 1462 1165 1519 hau

118 1561 249 1617 tantum,
275 1553 327 1607 sed
346 1553 372 1606 in
391 1553 529 1607 omnibus
546 1555 663 1610 causis?
697 1555 800 1609 'l'otios
823 1555 859 1609 de
878 1553 933 1609 lide
950 1565 981 1609 et
996 1569 1051 1625 ape
1068 1568 1165 1609 terum

118 1659 179 1696 nun
196 1642 393 1711 apparentiam
411 1643 498 1704 locuti
516 1658 632 1699 sumus:
662 1661 732 1711 age,
749 1645 841 1698 semel
859 1643 905 1697 vel
924 1644 952 1698 in
968 1642 1089 1698 modico
1104 1644 1164 1713 ajat

119 1731 268 1785 doctrinae
293 1731 453 1799 periculum
480 1732 640 1797 faciamus,
667 1733 783 1803 qutando
807 1731 835 1785 id
859 1742 984 1787 vocante
1009 1732 1083 1789 Deo
1106 1748 1164 1788 nun

117 1819 204 1874 nobis
228 1819 404 1873 tentantibus
429 1819 467 1874 ita
493 1822 639 1888 contingit.
682 1821 748 1890 Ego
771 1821 856 1876 etiam
882 1821 906 1874 si
928 1836 1067 1891 perenna
1095 1818 1164 1877 uiuit

117 1908 223 1980 peribit
248 1908 420 1979 Evangelio,
439 1909 466 1963 in
492 1926 552 1980 quo
578 1922 609 1963 ιιι
636 1927 715 1964 nunc
740 1927 787 1964 me
812 1925 953 1979 superat,
978 1919 1007 1963 et
1032 1909 1163 1965 auocedit

117 1999 269 2055 Helisaeus
288 2000 398 2055 Heliam
418 2000 507 2070 duplo
523 2001 646 2073 spiritu,
664 2018 753 2072 quem
770 2000 821 2056 tibi
839 2000 991 2057 Dominus
1001 1999 1096 2057 Jeaua
1111 1998 1162 2057 im-

115 2089 221 2160 pertiat
237 2091 414 2158 clementer,
434 2092 539 2144 Amen.

182 2179 310 2234 Proinde
327 2182 411 2247 vide,
435 2196 472 2234 ne
493 2179 725 2248 contristemini,
748 2179 800 2235 aed
822 2178 967 2235 canticum
985 2177 1111 2235 Domini
1133 2176 1162 2235 iu

116 2280 203 2324 nocte
221 2271 390 2324 mandatum
411 2271 523 2325 canite:
547 2272 700 2324 concinam
719 2280 749 2325 et
765 2286 837 2338 ego:
867 2276 978 2324 tantum
997 2286 1053 2339 pto
1071 2267 1160 2329 verbo

115 2358 220 2413 soliciti
237 2360 339 2415 simus.
375 2358 435 2431 Qui
453 2359 581 2426 ignorat,
607 2359 737 2428 ignoret:
767 2360 816 2431 qui
835 2360 927 2428 perit,
953 2368 1071 2429 pereat,
1094 2359 1161 2413 tluttt

116 2456 252 2501 nostrum
270 2445 399 2500 officium
426 2447 479 2502 illis
504 2464 565 2502 non
583 2447 710 2503 defuisse
728 2448 810 2520 queri
828 2447 951 2518 possint.
985 2447 1075 2502 Sinite
1099 2446 1164 2519 Ltp·

115 2538 211 2593 oensis
227 2537 364 2607 gloriari,
390 2539 462 2610 quia·
481 2537 557 2593 haee
574 2550 618 2595 est
633 2539 707 2594 hora
725 2555 846 2594 aurum:
874 2555 929 2601 noa
947 2538 1030 2593 exire
1048 2544 1166 2610 oportet

116 2629 247 2683 detorta
265 2639 386 2694 nostra,
404 2628 439 2682 te
457 2629 632 2697 cognatione
649 2637 768 2696 nostra,
786 2631 821 2684 de
840 2628 931 2684 domo
948 2628 1037 2699 patria
1054 2628 1165 2695 nostri,

115 2729 146 2773 ot
162 2729 263 2772 mutuo
281 2719 317 2772 ad
335 2729 449 2790 tompus
465 2719 595 2790 separari
610 2719 640 2775 in
658 2730 784 2785 terram,
803 2734 889 2790 quam
908 2718 1097 2788 ignoramus:
1124 2719 1164 2775 iu.

114 2809 199 2862 terim
218 2808 256 2862 illi
274 2824 360 2862 suum
379 2807 421 2863 N.
439 2808 479 2864 N.
498 2809 620 2864 adooent
637 2821 664 2864 ot
677 2810 795 2879 jactant.
829 2809 947 2865 Jacobo
965 2808 1163 2864 Flammiolteu

114 2899 183 2951 satia
202 2908 248 2953 est
270 2907 299 2951 te
317 2898 437 2966 videre,
460 2908 488 2951 et
512 2897 599 2964 vis1)
623 2915 661 2955 ne
684 2899 775 2954 nimio
799 2899 867 2953 felix
885 2901 941 2965 sit,
969 2900 1068 2955 omnia
1091 2914 1161 2972 quae

114 2989 204 3063 vallet
221 2987 333 3049 vitlena.

179 3077 253 3134 Non
271 3077 394 3149 depostii
418 3092 502 3148 apem
520 3077 555 3131 art
573 3093 628 3133 vos
646 3076 805 3145 redeundi,
830 3077 875 3133 sio
890 3085 1005 3145 tamon,
1029 3086 1065 3133 nt
1081 3074 1163 3137 iaciat

112 3166 216 3232 Deus,
242 3167 322 3240 quod
340 3167 451 3222 bonum
468 3176 513 3222 est
539 3167 568 3223 in
586 3168 680 3223 oculis
697 3168 767 3222 suis.
802 3168 830 3224 Si
847 3169 927 3239 Papa
944 3185 1049 3224 omnes
1066 3186 1163 3240 aggae.

113 3260 221 3325 dietur,
240 3260 290 3329 qui
306 3274 422 3314 meomn
439 3258 585 3324 sentiunt,
603 3260 665 3313 sine
682 3260 809 3312 tumultu
833 3277 893 3314 non
917 3260 972 3314 orit
990 3258 1162 3316 Germania:

114 3357 144 3402 ot
161 3365 220 3418 qao
247 3349 329 3402 citius
356 3347 384 3402 id
401 3345 573 3414 tentaverit,
595 3346 655 3401 hoo
672 3347 754 3402 citius
779 3362 809 3404 et
826 3350 889 3419 ipae
906 3358 935 3404 et
950 3349 995 3404 aui
1012 3350 1190 3431 pet-ibant„

114 3448 143 3497 et
161 3455 215 3506 ogo
233 3448 374 3497 revertar.
406 3439 494 3503 Deus
522 3438 642 3494 suscitat
659 3439 775 3509 spiritus
800 3440 962 3494 multorum
985 3449 1074 3512 atque
1092 3438 1163 3496 adeo

114 3512 143 3582 ot
161 3528 240 3596 vulgi
258 3530 346 3584 corda
356 3568 365 3596 ,
388 3538 418 3582 ιιι
435 3527 507 3583 mihi
525 3527 682 3583 verisimile
700 3531 829 3594 nonsit,
847 3544 934 3599 potae
952 3545 1017 3584 rem
1034 3528 1121 3585 istam
1136 3527 1165 3585 vi

113 3619 282 3688 compesci:
298 3630 345 3673 aut
362 3621 386 3673 al
404 3620 553 3690 compesci
566 3619 707 3690 coeperit,
725 3619 851 3691 decuplo
864 3619 1035 3690 maiorerit.
1069 3620 1166 3678 Habet

114 3704 272 3762 Germania
289 3708 396 3762 multos
411 3708 622 3764 Karathanaen.

164 3969 184 4015 1)
199 3964 271 4016 ιιιιιι.
285 3965 348 4013 vtae.
375 3966 455 4018 <tauta
469 3965 587 4027 lutatam:
602 3965 706 4022 tottila
720 3968 780 4018 ιιιιι
794 3958 971 4023 ntituntitttittit
985 3967 1047 4021 lma.
1117 3975 1119 3978 ·
