2574 4724
605 293 695 387 1522.
1025 268 1031 277 “
1112 288 1172 363 177

124 445 283 503 astiensis
299 430 357 502 nec
369 445 460 503 aulica
473 447 656 520 suppeditest
671 448 723 504 hic
741 447 817 504 enlm
830 434 906 505 lilier
921 430 1104 521 simplicitate
1116 465 1171 506 ro.

121 535 164 590 let
179 537 326 591 illustrari.
361 537 400 591 Et
410 548 444 592 ut
455 538 568 608 ordiar,
584 536 651 593 vide
663 551 692 592 ut
707 554 889 608 gemmarum
901 541 996 616 Apoc.
1009 539 1093 594 xx1.
1104 548 1169 594 turn

121 629 260 695 nomina,
287 640 351 681 tum
367 627 501 694 colores,
529 638 559 682 ct
574 627 685 682 utinam
700 639 839 700 aspectus
857 628 944 689 nobis
961 645 1001 683 ex
1016 631 1098 696 aula,
1120 639 1170 685 aut

123 715 202 770 unde
220 726 323 786 potes,
339 716 502 789 ministres.
917 718 921 727 '
993 708 996 715 ’

128 826 134 833 ·
190 813 374 883 opusculum
402 813 439 868 de
463 815 672 869 communione
701 809 865 884 evangelica
890 815 920 870 in
944 831 1031 870 manu
1053 812 1166 873 habent

93 955 103 965 ,
125 901 178 955 etsi
190 911 287 955 autem
303 901 376 955 mihi
392 902 499 971 negotii
510 903 636 958 multum
649 901 788 958 exhibeat
799 902 873 959 haec
889 921 956 973 res,
973 904 1045 960 nihil
1062 906 1168 961 timeat

125 989 262 1045 Christus
273 990 362 1059 vivit,
380 1001 409 1045 et
425 1002 549 1061 propter
565 1007 633 1044 eum
646 1001 763 1062 oportet
778 1009 838 1047 non
851 993 951 1048 solum
968 993 1029 1047 fieri
1044 994 1170 1049 odorem

124 1077 237 1134 bonurn
264 1080 325 1135 aliis
342 1081 371 1134 in
387 1092 533 1146 mortem,
561 1082 623 1136 aliis
640 1082 670 1136 in
686 1082 794 1148 vitam,
821 1082 873 1137 sed
890 1083 974 1136 etiam
990 1083 1169 1143 mortificari.

124 1168 214 1236 Vale,
230 1179 259 1223 et
275 1171 368 1224 saluta
385 1184 490 1223 omnes
506 1169 536 1224 in
553 1171 626 1226 aula.
658 1170 895 1241 Witcmbergec,
920 1171 1079 1227 Dominlca
1095 1173 1170 1229 Lae.
1244 1216 1249 1233 2

124 1270 204 1328 tare,
221 1276 298 1315 anno
315 1258 489 1315 Mnxxn.
1023 1320 1028 1327 .

747 1348 789 1404 Τ.
806 1346 955 1407 alanino
973 1349 1136 1409 Lutherus.

125 1703 197 1769 ao.
215 1696 323 1770 narr.
763 1672 768 1689 ⁴
841 1695 901 1755 no.
920 1696 1136 1755 cccaxxxr.

439 1848 486 1917 lta
515 1845 663 1925 elisar
690 1840 854 1918 (littra

260 1952 356 2031 velot
376 1952 428 2020 lte
451 1950 804 2032 attaliattoittotlrtt
825 1952 858 2021 lt
879 1949 1031 2023 tltltitt.

173 2113 196 2160 2.
215 2111 298 2157 mettas
316 2110 342 2156 ta
359 2110 397 2156 tte
415 2062 500 2162 §latei
519 2107 561 2162 tal
580 2119 604 2155 tr
621 2108 735 2163 caettott
752 2107 860 2161 lclrltlst
878 2107 946 2161 bairi
964 2110 1040 2156 intent
1057 2120 1081 2158 tt
1098 2111 1167 2164 belen

124 2187 277 2236 manassen
296 2181 444 2236 cataracten.
468 2182 516 2231 ott
530 2181 701 2234 {situatam
714 2180 852 2235 automata
864 2181 958 2229 neutra
975 2182 1168 2236 linostimas

124 2258 230 2317 nearest
243 2256 334 2309 niffen,
347 2255 635 2308 tantatfftaantttan
648 2261 821 2308 anseromia.
1217 2257 1226 2269 ·

135 2476 186 2529 lita
199 2474 363 2522 Anriraber
376 2473 404 2520 ΙΙ.
417 2476 450 2523 56.
476 2471 575 2525 crana
588 2473 628 2525 m
640 2471 911 2529 stimulentur
923 2476 980 2527 tat..
994 2476 1087 2543 malti
1099 2477 1154 2527 XV.

496 2547 781 2600 2410.attttnt.cv1ss.

125 2646 272 2744 Salutem.
305 2689 346 2745 Ut
364 2689 483 2744 nuntius
501 2688 598 2743 testari
611 2695 713 2758 posset
727 2704 760 2741 se
778 2689 964 2757 pervenisse,
980 2707 1035 2759 ego
1052 2693 1164 2762 scribo,

122 2780 232 2849 optime
257 2779 356 2834 Pater:
385 2779 490 2849 alioqui
517 2777 594 2830 nulla
611 2789 674 2832 erat
695 2777 963 2845 scribendicausa,
991 2783 1166 2849 praesertim

120 2870 192 2925 mihi
205 2870 292 2923 literis
310 2869 450 2924 etfaliulis
467 2877 496 2921 et
513 2864 623 2932 ὁμιλίαις
640 2865 793 2922 hominum
805 2869 1039 2938 occupatissimo.
1072 2871 1109 2924 R.
1122 2871 1163 2937 Ρ.

119 2961 267 3014 vicarium
285 2976 372 3031 spero
385 2958 470 3012 etiarn
489 2957 590 3010 advos
607 2966 779 3010 venturum:
797 2957 903 3026 alioqui
919 2957 953 3010 ad
966 2973 1033 3010 eum
1048 2960 1165 3027 prolixe

118 3053 287 3106 scriberem.
321 3048 387 3117 Ego
403 3040 617 3100 'Carolstadium
641 3045 760 3112 offendi,
785 3047 863 3116 quod
882 3047 1077 3101 ordinationes
1094 3064 1164 3104 suas

119 3139 248 3204 cassavi,
275 3139 341 3191 licet
358 3136 519 3189 doctrinam
537 3151 596 3189 non
614 3134 790 3199 damarim,
818 3134 873 3187 nisi
890 3133 969 3204 quod
987 3134 1118 3204 displicet
1132 3137 1162 3192 in

120 3230 188 3282 solis
207 3225 383 3281 ceremoniis
401 3235 429 3277 et
457 3223 588 3277 externis
606 3221 731 3276 faciebus
750 3222 899 3276 laborasse
923 3239 1008 3290 eum,
1032 3225 1163 3293 neglecta

119 3318 232 3372 interim
245 3333 313 3371 vera
326 3315 456 3369 doctrina
468 3312 638 3379 christiana,
651 3312 710 3365 hoc
723 3321 783 3378 est,
801 3311 856 3364 fide
868 3321 897 3366 et
908 3311 1055 3368 charitats.
1081 3314 1162 3370 Nam

119 3424 169 3462 sua
194 3408 288 3478 inepta
314 3399 437 3460 docendi
462 3403 575 3456 ratione
599 3417 636 3454 eo
651 3401 790 3471 populum
814 3402 1009 3470 perduxerat,
1040 3414 1071 3457 ut
1094 3421 1161 3461 sese

117 3497 307 3551 christianum
331 3493 516 3547 arbitraretur
540 3506 592 3561 per
614 3488 669 3543 has
693 3505 739 3543 res
756 3489 853 3554 nihili,
875 3490 899 3542 si
917 3504 1035 3562 utraque
1061 3496 1158 3564 specie

116 3587 364 3649 communicaret,
393 3583 417 3635 si
444 3591 593 3647 tangeret,
621 3578 645 3632 si
662 3595 720 3631 non
739 3576 943 3644 confiteretur,
971 3582 995 3634 si
1020 3581 1159 3650 imagines

113 3679 270 3746 frangeret.
306 3672 352 3727 En
370 3672 503 3725 malitiam
527 3670 664 3734 Satanae,
690 3677 722 3720 ut
739 3682 791 3736 per
808 3683 914 3720 novam
931 3671 1059 3738 speciem
1076 3675 1160 3729 moli.

115 3779 163 3822 tus
180 3779 226 3822 est
238 3764 349 3832 erigere
363 3762 396 3816 ad
408 3762 521 3816 ruinam
541 3755 698 3825 Evangelii.
732 3755 810 3809 Nam
822 3754 896 3810 hacc
913 3775 967 3826 ego
979 3761 1159 3830 quaesieram

115 3858 276 3923 hactenus,
299 3864 330 3906 nt
348 3849 540 3907 conscientiae
558 3845 593 3900 ab
610 3846 671 3900 istis
688 3846 838 3898 contrariis
856 3847 983 3901 litcielius
1000 3849 1159 3908 liberaren-

115 3959 177 4013 tur,
207 3956 236 4000 et
254 3960 300 3998 res
325 3943 385 4015 ipsa
407 3952 548 4010 peraeae
574 3944 672 3991 rueret
696 3935 848 3990 communi
865 3952 1020 3995 consensu.
1055 3945 1094 3998 At
1110 3944 1158 4002 ills

205 4038 274 4115 le.
292 4032 336 4101 ΙΙ.
921 4035 959 4095 12
