2574 4724
538 293 627 358 152³.
1047 286 1109 356 itt
1159 316 1166 325 ¹

60 455 86 510 si
100 451 150 510 a'i'c
163 453 274 520 senua,
291 449 407 507 bonum
418 459 464 506 est
472 490 482 519 ,
498 466 605 505 verum
621 448 718 505 officio
730 450 813 505 vorbi
826 460 888 505 non
899 448 1013 521 poteris
1025 464 1109 520 prae.

59 559 149 609 esse,
166 542 222 596 nisi
241 541 369 611 primum
385 541 455 593 ioco
474 549 558 592 certo
575 537 736 594 destinatus
753 538 906 611 parochus
923 538 1033 606 tueris,
1060 545 1111 594 aut

59 632 195 687 manibus
213 618 242 686 t'e
260 631 337 684 aiere
354 628 477 697 cogites.

65 772 68 779 ,
124 719 228 776 Locus
245 718 394 775 deremiae
413 716 466 771 lx.
484 715 520 769 de
545 713 671 770 attonsis
689 730 806 769 comam
828 715 971 785 significat
986 733 1109 786 genera.

59 810 126 867 liter
147 821 178 866 et
202 808 377 879 simpliciter
401 811 508 871 omnes
530 813 651 873 gentes,
677 821 754 876 quae
772 820 889 859 comam
913 806 1057 863 infrontat
1079 808 1110 864 in
1170 824 1184 847 ⁴

61 900 137 954 duos
153 899 274 968 angulos
287 897 481 961 abscindunt,
495 895 573 950 sicut
583 893 679 949 nostri
690 893 756 948 laici
767 909 872 949 omnes
885 895 1002 952 faciunt.
1029 897 1109 953 Nam

60 989 184 1044 Judaeis
201 985 384 1058 prohibitum
402 992 464 1039 erut
476 998 594 1037 comam
611 993 660 1038 aut
671 981 793 1038 barbam
809 992 868 1037 tam
879 983 1002 1051 radere,
1020 1001 1110 1058 quam

60 1077 287 1150 praescindere,
310 1075 485 1149 praesertim
507 1073 537 1127 in
553 1072 661 1129 fronte.
693 1071 775 1142 Ergo
792 1071 940 1130 deremiaa
965 1073 1022 1129 hac
1038 1088 1111 1132 nota

60 1178 164 1238 gentes
188 1164 331 1220 discernit
353 1162 518 1220 aJudaeis.
552 1162 630 1217 Item
646 1160 802 1218 character
823 1155 935 1219 bestiae
956 1164 987 1220 in
1009 1152 1110 1225 fronte

61 1267 93 1312 et
110 1258 140 1312 in
157 1255 291 1310 manibus
309 1265 367 1309 etc.
386 1253 568 1326 (quanquam
585 1251 661 1308 liber
683 1263 731 1308 est
747 1252 896 1319 obscurus
914 1263 944 1310 at
964 1255 1108 1327 incertus)

61 1365 132 1404 meo
157 1360 247 1402 sensu
270 1355 317 1401 eat
339 1354 473 1399 extrema
494 1342 656 1399 obedientia
677 1341 775 1414 Papae
798 1353 828 1398 ct
850 1346 1109 1418 suarumiegum,

63 1451 137 1509 quas
163 1445 194 1490 et
208 1449 296 1488 manu
313 1445 344 1489 et
360 1432 458 1504 aperta
475 1417 704 1486 conversatione
718 1441 854 1487 tenemus
876 1443 906 1488 et
922 1435 1109 1494 conaremur.

63 1527 123 1600 Qui
149 1525 227 1579 enim
248 1539 309 1579 non
330 1521 376 1577 sic
393 1521 504 1576 fecerat
526 1530 555 1576 et
571 1520 688 1576 vixerat
709 1537 744 1575 ac
766 1521 880 1579 dixerat
898 1526 1010 1595 palam,
1032 1527 1112 1584 sieut

59 1617 140 1688 Papa
154 1614 252 1670 statuit
262 1613 430 1679 hactenus,
446 1610 523 1665 filius
535 1610 639 1695 mortis
651 1611 724 1666 fuit:
739 1611 925 1685 quantumvis
943 1614 1019 1671 intus
1033 1613 1111 1674 aliud

60 1707 201 1773 sentiret,
223 1713 322 1768 tamen
340 1703 420 1756 serae
438 1699 642 1754 characterem
660 1700 752 1772 recipi
775 1712 805 1757 ct
831 1704 948 1758 ostendi
966 1708 1109 1778 oportuit.

61 1779 157 1850 Saluta
170 1792 357 1848 Praefectum
367 1805 437 1844 meo
448 1788 586 1857 nomine,
605 1804 639 1842 ac
651 1789 734 1858 ναῖε,
753 1806 840 1846 orans
856 1808 911 1864 pro
922 1809 980 1849 me.
1008 1789 1109 1853 *Datne

61 1881 293 1952 Witenhergae,
311 1879 357 1936 die
375 1877 543 1945 trenciani,
560 1892 637 1933 anuo
652 1876 840 1936 Mnxxltl.
1011 1870 1013 1875 ’
1049 1872 1052 1877 ⁴

69 1982 73 1993 ’
494 1960 501 1969 ’
638 2034 640 2039 1
689 1966 729 2024 T.
746 1967 894 2027 Martinus
912 1970 1075 2031 Lutherus.

81 2296 120 2398 'a
136 2299 320 2367 Μυτι-
823 2302 875 2362 Νθ.
891 2304 1074 2366 Dxxxvll.

446 2426 496 2498 itt
517 2419 729 2530 &raiatia

278 2561 435 2617 enuntiant
448 2560 512 2610 tinet
525 2561 661 2615 uirtutium
673 2573 700 2617 ut
713 2563 776 2612 riute
788 2565 894 2620 warren.
950 2553 957 2581 ²

64 2773 348 2832 narraremus.
372 2773 691 2829 nrt.coa.sen.2.;tut
716 2747 1107 2831 sanctasanctorum

90 2910 155 2964 Suo
172 2907 207 2963 in
224 2905 365 2962 Domino
380 2906 554 2985 Moqr‘stro
572 2890 709 2979 Geo'rqio
726 2906 912 2978 spalatino,
928 2911 1079 2965 ministro

355 2988 477 3044 Christi
497 2989 533 3044 in
549 2987 626 3043 aulo
643 2989 817 3044 Senoniae.

64 3091 175 3190 Gratia
194 3148 224 3192 et
245 3124 316 3209 part.
350 3116 541 3191 Sacrificuius
557 3135 608 3190 hic
625 3135 769 3191 Erasmus
788 3145 964 3210 accepturus
982 3146 1028 3192 est
1045 3154 1111 3217 par.

64 3226 215 3281 cchioiam
228 3226 374 3299 quandam
382 3267 392 3294 ,
410 3226 573 3295 resignante
586 3227 611 3280 ei
628 3226 656 3280 in
668 3242 772 3281 manus
790 3243 847 3295 eo,
865 3228 986 3298 quijam
998 3227 1111 3301 obtinet

65 3314 262 3372 discessurus.
296 3317 344 3371 Ad
367 3316 396 3371 id
420 3327 517 3370 atatem
534 3315 644 3387 requiri
662 3332 842 3371 consensum
858 3315 1006 3389 Principis
1030 3334 1110 3374 asae.

65 3390 144 3460 runt.
177 3403 256 3460 Petit
280 3405 376 3478 itaque
401 3420 433 3460 se
457 3403 508 3459 tibi
534 3405 752 3473 commendari,
779 3414 810 3458 ut
833 3413 938 3477 perte
961 3406 1110 3480 Principis

63 3509 217 3548 consensu
232 3493 288 3548 itui
305 3503 400 3566 queat.
434 3493 537 3549 Bonus
554 3503 583 3548 et
595 3494 785 3550 satis'doctus
803 3493 970 3563 esthemo,
988 3490 1017 3553 e't
1029 3498 1111 3555 recte

64 3584 94 3639 in
113 3585 196 3639 ilium
216 3585 375 3641 collocabis
393 3584 522 3659 officium
538 3579 724 3661 hujusmodi:
749 3586 793 3638 fac
818 3600 905 3655 ergo,
928 3588 1009 3658 quod
1026 3589 1108 3663 facis.

65 3665 224 3729 'caeterum
242 3674 334 3729 credo
352 3684 381 3730 te
399 3675 575 3744 responsum
591 3687 692 3726 meum
715 3673 876 3745 accepisse.
892 3668 894 3675 '
910 3674 981 3739 Vai'e
1005 3687 1034 3731 et
1058 3694 1111 3735 ora

64 3776 120 3836 pro
138 3779 195 3820 me.
229 3761 614 3833 ii‘ittembergae,·terta‘a.
632 3761 1086 3835 postFrancisci,MDXX111.

743 3849 892 3910 Martinus
915 3854 1080 3918 LutheruS.

309 3990 831 4029 ..-..-.---,---a--.
877 3997 885 4012 ·
