2574 4724
530 337 624 410 reas.
655 286 657 290 Α
1051 333 1112 405 rer

58 496 127 551 sese
143 497 216 550 vero
240 510 302 555 non
319 496 456 568 culpent,
481 496 563 569 quod
587 511 641 553 cos
667 495 736 553 ficte
761 506 792 554 et
813 495 901 570 impie
915 503 1113 564 convertant,

57 573 121 666 imo
136 585 172 639 de
199 601 300 640 errore
316 602 377 640 uno
398 572 536 642 idalium
553 586 688 658 pejorem
705 588 795 659 duplo
814 589 971 644 seducunt.
1006 584 1112 660 Quae,

57 692 147 746 rogo,
167 675 275 745 gloria,
293 675 353 730 imo
364 692 439 748 quae
457 676 533 732 iuria
549 660 588 732 ni
604 677 669 746 ejus
684 677 830 747 magistri,
849 678 898 749 qui
910 693 1004 750 puero
1016 675 1114 732 bonas

58 766 123 837 spei
149 776 179 820 et
203 766 309 820 indolis
325 782 386 820 non
404 767 497 820 tradat
522 766 580 820 nisi
600 766 856 838 pestilentissima,
882 778 946 822 tum
967 768 1026 822 vita
1050 766 1115 839 ipss

57 864 204 909 monstret
220 855 292 909 nihil
309 855 366 911 nisi
384 855 631 928 corruptissimos
649 871 768 924 mores,
794 867 898 927 postea
920 857 998 912 lavet
1016 866 1115 912 temen

57 960 182 1012 ananus,
202 955 232 999 et
249 945 326 1000 dicat
336 983 346 1014 ,
365 960 491 1017 puerum
509 961 569 1000 non
587 945 725 1000 didicisse
742 963 758 1001 a
775 960 843 1000 sese
860 945 960 1000 bons?
982 945 1032 1000 Sic
1047 945 1115 1001 lena

58 1035 166 1089 doceat
189 1034 315 1104 puellam
332 1033 535 1103 meretricari,
560 1042 666 1105 postes
693 1043 834 1101 accuset,
857 1034 938 1106 quod
958 1051 1019 1089 non
1034 1033 1115 1090 vivat

57 1122 153 1192 virgo.
186 1121 279 1178 Plane
295 1121 375 1177 hanc
402 1122 493 1177 fuisse
514 1122 658 1177 rationem
675 1122 869 1178 convertendi
896 1132 926 1177 et
945 1120 1117 1179 instituendi

57 1212 192 1268 «iudaeos
213 1212 288 1284 apud
301 1211 451 1284 sophistas
469 1223 499 1267 et
508 1210 689 1269 Pharisaeos
701 1222 839 1281 nostros,
856 1212 920 1285 ipsa
930 1217 977 1268 tua
993 1205 1114 1285 quoque

58 1303 241 1376 experientia
258 1302 343 1357 testis
362 1312 418 1358 est.
831 1285 838 1298 ’
923 1330 926 1334 ’

124 1415 238 1471 Verum
260 1431 330 1471 eum
349 1416 414 1487 jam
441 1414 553 1471 oriatur
575 1423 604 1470 et
623 1415 733 1488 fulgeat
755 1417 810 1473 lux
833 1432 920 1471 aures
941 1404 1115 1493 Evangelii,

58 1522 129 1578 spes
150 1515 218 1574 ost,
235 1507 317 1573 fore,
342 1516 375 1560 ut
392 1505 479 1559 multi
498 1504 687 1561 Judaeorum
704 1505 831 1561 seriose
848 1506 974 1562 fideliter
989 1521 1128 1566 conver..

57 1607 158 1652 tantur
184 1607 213 1661 et
243 1596 287 1650 sic
312 1596 463 1668 rapiantur
486 1611 527 1650 ex
549 1596 660 1650 mundo
678 1598 703 1664 ¹)
729 1596 765 1650 ad
785 1594 957 1665 Christum,
985 1597 1062 1652 sicut
1085 1608 1121 1653 tu

59 1698 161 1758 raptus
179 1703 229 1755 es,
247 1696 277 1740 et
297 1685 418 1756 quidam
436 1684 501 1753 alii,
521 1685 573 1756 qui
591 1686 731 1757 reliquiae
752 1687 822 1741 estis
839 1686 961 1742 seminis
979 1687 1119 1743 Abrahae

59 1794 114 1847 per
131 1775 252 1846 gratiam
268 1775 434 1830 salvandae.
467 1773 549 1830 Nam
570 1775 621 1846 qui
639 1774 768 1847 incepit,
795 1774 945 1848 perficiet,
967 1791 1024 1831 nec
1040 1776 1121 1841 sinet

60 1865 188 1920 verbum
207 1851 295 1919 suum
313 1863 349 1916 sd
370 1878 403 1917 se
422 1863 532 1917 reverti
551 1861 647 1917 inane.

125 1977 257 2036 Proinde
274 1979 310 2037 ad
329 1988 359 2035 te
376 1978 474 2032 visum
493 1985 539 2035 est
554 1978 672 2032 mittere
692 1977 774 2033 hunc
788 1968 1011 2053 libellum,‘pro
1028 1978 1121 2036 roho.

61 2069 151 2135 nanda
172 2079 201 2123 et
222 2079 302 2123 certa
329 2067 461 2123 iacienda
481 2066 537 2122 lide
556 2075 604 2122 tua
626 2067 656 2121 in
673 2067 842 2138 Christum,
869 2084 961 2141 quem
980 2080 1121 2130 recenter
1159 2118 1181 2126 ..

62 2174 103 2214 ex
121 2155 284 2227 Evangelio
302 2155 446 2224 didicisti,
472 2166 502 2211 at
516 2171 596 2212 nuno
613 2155 734 2210 demum
749 2156 837 2212 etiam
854 2157 883 2213 in
900 2157 1006 2229 spiritu
1024 2159 1121 2230 bapti,

63 2257 145 2305 zatus
165 2256 196 2302 et
213 2262 252 2301 ex
267 2246 337 2302 Deo
356 2255 442 2302 natus
453 2261 502 2301 es.
537 2243 638 2320 Quem
655 2245 743 2301 velim
755 2253 808 2301 tuo
825 2247 966 2318 exemplo
981 2257 1011 2303 et
1024 2264 1118 2320 opere

62 2350 93 2394 et
109 2335 186 2409 apud
199 2336 274 2392 alios
289 2334 310 2390 J
314 2335 424 2390 udaeus
435 2334 564 2406 vulgari,
581 2343 614 2389 ut
629 2335 679 2407 qui
686 2334 889 2407 praeordinati
902 2345 988 2406 sunt,
1006 2352 1119 2411 socen,

62 2439 112 2482 tur
130 2439 157 2482 et
168 2426 285 2489 veniant
300 2426 336 2481 ad
351 2424 453 2481 David
464 2440 565 2494 regem
581 2440 690 2492 suum,
708 2424 759 2497 qui
775 2434 878 2497 pascat
894 2434 923 2481 et
939 2437 1039 2482 servet
1048 2443 1117 2500 eos,
1195 2483 1199 2490 ,

61 2518 112 2589 qui
138 2516 213 2588 apud
239 2533 296 2571 nos
322 2532 338 2569 a
364 2513 551 2591 pontificibus
582 2522 613 2569 et
636 2512 806 2570 Pharisaeis
831 2514 859 2571 in
884 2515 946 2570 hoc
967 2504 1117 2586 judicium

61 2605 282 2679 praedestinatis
306 2603 471 2659 incredibili
492 2602 603 2660 insania
623 2603 786 2660 damnatur.
820 2604 893 2660 Vale
915 2606 945 2661 in
960 2607 1114 2678 Domino,

64 2707 94 2752 et
113 2711 164 2751 ora
182 2710 236 2768 pro
254 2710 313 2749 me.

95 3029 352 3101 vinciuntur.
867 3027 1079 3087 N⁰.DLxlx.

182 3184 308 3254 tisim
330 3179 416 3261 itari
439 3178 499 3250 ott
520 3178 577 3258 tit
597 3178 676 3253 linit
695 3179 747 3248 ttr
768 3178 869 3251 &tait
891 3179 988 3261 tiron

112 3338 161 3388 tote
173 3339 305 3391 delirium
317 3341 370 3388 tter
382 3339 495 3393 senentis
508 3337 575 3392 titii
588 3340 626 3384 tre
638 3334 746 3396 putitio
759 3338 784 3384 tn
794 3337 915 3392 titiani,
928 3336 1009 3387 meldi
1018 3338 1059 3384 tin
1068 3337 1118 3388 tur·

65 3411 112 3470 mii
126 3413 204 3462 briter
215 3414 334 3465 &metten
348 3414 382 3460 trn
394 3412 536 3464 uterimei!
550 3413 715 3463 &termitem
734 3410 768 3458 tm
786 3410 883 3465 iitrtrrn
898 3413 952 3458 ciet
965 3409 1005 3463 id
1017 3413 1067 3458 tent
1080 3412 1116 3460 r't·

65 3485 162 3538 irritetur
175 3485 269 3538 sitast
280 3487 450 3538 untrrmtrlmi
464 3487 544 3538 iattrn
553 3491 631 3540 menen
640 3484 826 3533 terorttmtlor
835 3485 898 3536 titre
906 3483 1004 3540 priten
1013 3483 1116 3551 edules

65 3560 156 3614 rtrtrir.
182 3557 244 3612 viil
257 3559 300 3615 att
312 3560 337 3608 t.
349 3560 520 3614 metretarum
532 3558 558 3605 tn
571 3557 738 3610 sinitedem
750 3567 776 3609 m
790 3557 878 3611 reinerii
892 3549 935 3610 sis
947 3557 1117 3609 retrospiciat

64 3635 106 3681 tit
120 3633 191 3683 otior
203 3633 271 3686 istri
291 3632 339 3685 tire
352 3632 463 3694 prestare
475 3631 538 3684 tritt
547 3632 576 3683 ‘ru
590 3631 706 3685 emittm
720 3632 766 3678 unt
778 3641 805 3683 ru
819 3631 946 3679 cetinina-
972 3633 1007 3682 er
1023 3625 1117 3682 rtdtrt'r
1222 3616 1225 3623 Δ

64 3709 121 3759 tirtr
135 3706 227 3757 &uelit
240 3705 285 3751 mit
298 3705 361 3751 etrier
374 3703 486 3759 aaronis
498 3713 529 3750 nn
541 3702 705 3757 tttssiimrni
719 3704 744 3750 tir
757 3702 887 3769 mittitete
900 3706 963 3759 torti
977 3703 1019 3758 tei
1029 3714 1116 3760 mann

64 3783 139 3835 litem
151 3783 286 3834 merlinsen
299 3777 428 3832 piissimi
442 3779 489 3825 unt
501 3777 541 3830 io
554 3774 609 3825 iltis
621 3777 678 3829 titis
692 3777 767 3830 &stit
780 3777 875 3826 rrltlrt.

117 4020 137 4073 tl
150 4016 209 4064 Vit.
225 4027 254 4063 ex
269 4013 358 4063 auimo.
