2574 4724
596 301 686 371 1525.
909 366 913 375 ,
1100 299 1160 370 631

119 455 218 512 salros
235 456 335 514 tacere
353 458 516 515 credentes.
549 457 590 515 Et
607 470 704 515 tamen
721 477 782 515 non
795 475 900 518 omnes
913 456 1164 515 obediuntEran.

118 547 216 616 gelio,
242 549 375 618 ejusdem
392 549 430 603 X.
463 548 579 603 Deinde
597 550 813 620 praedicatura
833 550 1027 605 contentiosis
1046 558 1072 603 et
1090 545 1163 602 invi.

96 649 99 653 '
121 637 183 706 dis,
208 637 318 710 Philip.
335 640 378 709 L,
401 656 456 692 nec
475 649 597 710 propter
613 639 722 693 horum
739 639 923 709 dignitatem,
939 640 963 706 1)
988 650 1036 694 aut
1058 655 1163 694 eorum

115 727 351 789 incredulitatem
373 728 478 784 desinit
500 745 568 784 esse
591 729 715 784 verbum
731 729 793 785 Dei
812 746 845 784 ac
862 730 954 784 virtue
972 729 1043 785 Dei.
1077 729 1165 784 Licet

120 816 199 870 enim
215 816 362 871 infirmum
380 828 409 872 et
425 818 547 872 stultum
565 817 601 872 sit
616 817 729 892 impiis,
757 817 878 890 sapiens,
897 828 993 872 tamen
1010 828 1038 872 et
1055 829 1162 889 potens

120 887 166 960 est
180 903 212 964 ²)
228 908 293 977 piis.
326 906 394 962 Nec
419 924 490 976 ergo
514 905 569 962 tide
592 907 710 983 piorum
733 906 764 961 fit
787 907 865 960 aliud
888 918 935 962 aut
956 909 1079 976 melius,
1104 925 1167 962 nec.

118 996 320 1050 incredulitate
338 994 496 1069 impiorum
513 997 607 1068 pejus.
639 995 762 1067 Aiioqui
779 995 926 1051 Divinitas
948 995 1017 1067 ipsa
1033 1014 1093 1052 non
1116 1005 1164 1052 est

119 1084 216 1156 impiis
240 1100 327 1139 ursus
351 1095 381 1139 et
403 1086 518 1159 leaena,
543 1084 598 1157 piis
620 1100 695 1140 vero
718 1086 796 1140 salua
821 1095 851 1140 et
876 1086 952 1140 vita,
978 1084 1071 1155 Igitur
1093 1099 1163 1140 oum

117 1175 226 1228 virtute
244 1173 327 1229 verbi
345 1185 373 1228 et
391 1174 554 1231 institutum
564 1175 601 1229 sit
612 1174 849 1244 Sacramentum,
868 1184 897 1230 et
909 1176 1044 1246 ejusdem
1055 1175 1163 1231 virtute

120 1264 308 1331 conficiatur,
325 1281 385 1318 non
401 1261 528 1318 habetur
543 1263 616 1319 ratio
627 1264 770 1332 ministri,
787 1265 838 1335 qui
851 1265 939 1334 tacit,
956 1266 1166 1322 siSacramem

118 1361 182 1406 tum
200 1365 335 1422 spectes,
353 1352 438 1422 licet,
456 1353 481 1408 ai
497 1353 622 1407 salutem
635 1354 700 1424 ejus
715 1364 833 1425 spectes
845 1355 1013 1427 propriam,
1030 1354 1165 1410 habende

117 1442 167 1497 sit.
200 1442 334 1497 Christus
352 1442 429 1497 enim
448 1452 478 1498 et
494 1442 560 1514 ipse
575 1458 636 1497 non
652 1441 758 1498 virtute
775 1459 846 1499 suae
862 1445 1087 1514 sanctimoniae,
1109 1444 1164 1502 sed

118 1530 224 1586 virtute
240 1531 322 1587 verbi
336 1543 364 1586 et
378 1531 500 1587 instituit
512 1539 541 1587 et
553 1531 712 1588 benedixit.
748 1533 850 1605 Quare
861 1535 938 1589 sicut
950 1522 1075 1589 verbum
1088 1534 1164 1602 Dei,

116 1620 166 1674 ubi
177 1617 203 1684 ³)
219 1621 306 1676 suerit
323 1622 416 1676 virtus
432 1622 512 1686 Dei,
530 1632 575 1675 est
591 1633 715 1692 potens,
732 1622 802 1676 iicet
819 1616 944 1692 impii-⁴)
958 1614 1017 1678 hac
1033 1624 1164 1695 potentia

115 1728 177 1765 non
194 1712 344 1777 truantur,
362 1710 398 1764 ita
411 1710 650 1775 Sacramentum,
667 1710 717 1764 ubi
729 1700 761 1777 5)
774 1710 978 1779 benedicitur,
994 1713 1165 1769 Sacramem

115 1811 181 1855 tum
198 1809 244 1854 est
262 1800 444 1870 perfectum,
468 1797 537 1851 iicet
560 1797 640 1868 impii
662 1814 696 1852 ea
718 1798 924 1854 benedictione
943 1816 1003 1854 non
1021 1803 1164 1858 tutantur.
1221 1823 1224 1833 ·

116 1888 185 1944 Nos
212 1888 290 1941 enim
312 1887 492 1958 piantatores
517 1897 546 1941 et
569 1869 712 1956 rigatores
737 1902 858 1956 sumus,
884 1888 1011 1948 verbum
1034 1891 1111 1945 vitae
1135 1900 1166 1947 et

117 1977 340 2032 Sacramentum
358 1975 462 2032 salutis
476 1974 692 2042 ministrantes,
709 1976 762 2031 sed
780 1975 953 2032 inerementi
969 1977 1087 2034 datores
1102 1994 1164 2038 non

118 2081 233 2122 sumus.
263 2065 468 2121 Ministramus
478 2082 552 2121 vero
565 2065 645 2120 idem
654 2065 778 2120 verbum
791 2076 819 2120 et
829 2067 1064 2136 Sacramentum,
1081 2069 1165 2140 quod

118 2154 255 2210 Christus
272 2155 463 2223 ministravit,
490 2155 539 2227 qui
565 2164 593 2209 et
618 2154 699 2226 ipse,
724 2166 757 2211 ut
781 2155 811 2210 in
829 2156 952 2212 «ludaeis
975 2158 1068 2213 verbo
1089 2159 1163 2214 nihii

116 2244 225 2314 effecit,
241 2245 280 2299 ita
296 2244 516 2300 Sacramentum
525 2244 622 2300 dudae
635 2243 1015 2308 ischariotiirustradedit.
1045 2248 1164 2305 Nihilo.

115 2335 213 2397 minus
231 2351 335 2389 verum
347 2334 473 2390 'verinum
486 2335 554 2389 itios
567 2335 686 2403 docuit,
703 2343 731 2391 et
741 2351 846 2390 verum
858 2336 1078 2394 Sacramentum
1091 2339 1164 2396 huic

118 2424 205 2479 dedit.
234 2424 358 2497 >Alioqui
376 2424 400 2480 si
420 2422 491 2480 tides
509 2425 732 2481 ministrantium
748 2434 778 2480 et
789 2425 996 2497 recipientium
1007 2429 1163 2501 spectanda

118 2525 181 2583 est,
199 2515 411 2570 incertaerunt
429 2515 550 2581 omnia‘,
569 2531 605 2569 an
620 2514 746 2570 uerbum
763 2524 794 2570 et
809 2515 1028 2572 Sacramentum
1046 2519 1162 2589 uspiam

116 2607 169 2673 sit,
194 2622 263 2660 cum
283 2606 395 2662 incerta
416 2605 453 2660 sit
470 2605 603 2661 omnium
623 2605 711 2662 fides.
739 2607 780 2660 At
795 2622 875 2660 nunc
890 2625 951 2662 non
973 2624 1012 2663 ear
1029 2609 1093 2679 iege
1110 2620 1161 2667 aut

115 2697 228 2752 nostris
245 2695 378 2763 meritis,
391 2686 424 2762 ⁶)
440 2696 493 2751 sed
510 2710 551 2752 ex
566 2695 766 2768 promissione
776 2697 927 2752 stmverbi
939 2707 969 2753 et
979 2699 1160 2756 Sacramenti

115 2786 283 2855 integritas,
299 2793 333 2837 ut
350 2785 433 2839 tisana
449 2794 479 2839 et
495 2793 579 2841 certa
592 2784 631 2839 ait
646 2783 768 2840 scientia
781 2785 940 2843 ministerii
952 2790 1043 2843 sancti
1060 2789 1090 2844 in
1105 2803 1160 2860 po.

115 2875 187 2946 pulo
203 2874 273 2929 Dei.
306 2874 389 2928 Haec
403 2872 514 2941 habui,
538 2887 613 2943 qttae
629 2871 773 2930 dicerem,
802 2873 852 2929 Tu
867 2874 1098 2946 bonioonsuie,
1123 2894 1160 2934 ac

116 2981 169 3019 ora
186 2979 240 3035 pro
256 2979 305 3018 me
322 2962 491 3030 Christum,
509 2962 594 3031 cujus
611 2962 699 3032 gratia
715 2963 754 3018 ait
770 2970 881 3034 tecum,
898 2955 1004 3021 Amen.
1032 2966 1159 3023 Witem.

114 3053 221 3125 bergas
229 3093 240 3124 ,
256 3052 417 3110 Dominica
431 3052 601 3122 Invocasit,
619 3067 700 3109 anno
711 3051 877 3112 Mnxxv.

797 3195 947 3259 Martinus
964 3191 1125 3260 lutherus.

166 3869 186 3917 n
202 3866 268 3911 coa.
281 3865 302 3911 J.
322 3865 494 3923 indignitatem.
567 3870 589 3916 n
605 3833 670 3915 coa.
684 3867 705 3914 s.
718 3894 743 3906 -
755 3872 800 3917 eu.
873 3873 896 3921 s)
911 3871 977 3919 cos.
991 3872 1012 3917 t.
1027 3871 1103 3926 tuat.

164 3955 394 4019 dicad-issiu,
455 3957 683 4013 sconsam.
746 3958 1113 4014 arconanontaisnertto.
