2574 4724
116 333 174 413 aa‘
325 353 326 356 ‘
608 346 698 414 tsat.

116 519 169 576 ges
186 505 360 575 affectibus,
377 522 411 560 ac
427 513 511 562 tener
527 521 559 561 es
575 514 627 562 tuo
644 521 728 561 more
739 522 752 560 ·.
765 503 869 569 deinde
886 502 965 576 quod
984 518 1034 558 me
1051 502 1170 560 extollis

116 595 222 660 nimis,
240 605 269 649 et
285 611 365 650 erras
382 595 595 662 vehementer,
609 595 682 649 dum
699 603 775 648 tanta
792 591 863 649 mihi
876 591 998 660 tribuis,
1016 595 1099 665 quasi
1116 597 1170 665 pro

115 700 205 738 causa
223 685 282 738 Dei
299 685 373 738 adeo
390 684 448 739 sim
463 685 608 739 solicitus.
642 681 805 739 Conlundit
821 698 856 737 ac
873 681 1029 737 discruciat
1052 698 1101 737 me
1124 693 1171 739 tus

115 773 230 844 egregia
249 775 299 829 ista
317 775 448 845 suspicio
465 775 540 843 mei,
559 789 628 828 cum
646 789 702 843 ego
720 773 770 826 bic
787 774 950 827 insensatos
972 780 1003 826 et
1019 771 1170 828 induratas

115 865 234 918 sedeam
261 862 289 918 iu
313 865 392 929 otio,
420 862 497 934 prola
523 863 609 917 dolor
630 877 732 932 parum
750 874 858 927 orans,
884 859 956 915 nihil
973 876 1098 928 gemens
1115 878 1169 930 pro

114 952 250 1007 Ecclesia
263 952 340 1007 Dei:
358 953 429 1024 quin
446 952 540 1006 camis
557 968 640 1006 meae
658 950 813 1006 indomitae
826 967 898 1006 uror
909 950 1022 1019 magnis
1034 948 1167 1019 ignibat:

114 1057 247 1108 summa,
265 1043 313 1112 qui
330 1042 443 1096 fervere
461 1041 561 1112 spiritu
579 1041 691 1107 debeo,
715 1041 816 1095 ferveo
833 1056 943 1106 cartas,
966 1038 1107 1106 libidine,
1128 1039 1168 1110 pi.

114 1132 196 1202 gritia
206 1167 215 1198 ‚
232 1131 312 1197 otio,
329 1132 539 1186 somnolentia:
559 1147 593 1186 ac
610 1131 732 1195 nescio,
760 1147 814 1197 an,
838 1131 906 1200 quia
928 1145 984 1184 sos
1000 1146 1063 1184 non
1079 1130 1167 1185 oratis

114 1238 171 1291 pro
188 1237 254 1287 me,
273 1220 359 1275 Deus
376 1237 391 1273 a
408 1237 457 1275 tue
476 1238 597 1276 aversas
615 1221 671 1276 sit:
696 1227 730 1274 tu
741 1221 804 1291 jam
822 1217 852 1275 in
869 1221 968 1276 locum
984 1234 1084 1275 meum
1101 1234 1167 1275 sae.

114 1310 214 1377 cedis,
232 1309 317 1364 donis
335 1309 393 1364 Dei
412 1310 528 1379 gravior
543 1321 573 1363 ct
588 1310 707 1379 gratior.

181 1399 259 1454 Octo
271 1398 333 1468 jam
351 1399 412 1454 dics
430 1408 514 1467 sunt,
533 1400 613 1470 quod
628 1398 702 1453 nihil
720 1398 838 1466 scribo,
855 1415 951 1471 neque
969 1415 1045 1465 oro,
1070 1414 1166 1470 neque

116 1489 240 1552 studeo,
257 1489 363 1558 partim
380 1488 591 1544 tentationibus
608 1489 723 1555 carnis,
742 1491 843 1558 partim
860 1489 913 1543 alia
930 1488 1064 1543 molestia
1079 1503 1168 1544 vexa.

113 1587 170 1632 tus.
205 1576 234 1631 st
252 1594 299 1632 res
317 1577 422 1632 melior
446 1595 506 1632 non
523 1580 593 1646 erit,
618 1579 739 1633 omnino
757 1570 922 1635 Erfurdiam
944 1578 1091 1645 ingrediar
1115 1595 1166 1650 pu.

113 1665 193 1722 blico
209 1667 312 1722 titulo:
330 1667 368 1722 ibi
385 1684 432 1722 me
451 1667 579 1735 videbis,
596 1668 643 1723 vel
662 1685 716 1738 cgo
733 1678 776 1724 tc:
794 1670 925 1723 medicos
943 1668 1022 1722 enim
1040 1669 1087 1722 vel
1105 1668 1166 1722 clai.

116 1773 221 1826 sargos
239 1758 402 1813 consulum.
435 1757 509 1813 Non
527 1767 573 1812 est
588 1759 678 1824 enirn,
697 1759 776 1830 qiaod
795 1760 884 1813 leram
902 1758 1026 1828 amplius
1044 1759 1071 1814 id
1090 1758 1166 1824 mali,

113 1861 183 1900 cum
201 1846 303 1900 decem
320 1846 441 1900 vulnera
458 1862 561 1917 magna
580 1848 689 1902 facilius
707 1849 782 1902 ferre
800 1862 938 1918 possem,
967 1864 1056 1918 quom
1074 1848 1165 1903 modi.

114 1952 184 1989 oum
208 1935 270 1989 hoc
294 1937 428 1990 laesionis
445 1935 600 2000 judiciuin.
635 1937 722 1992 Forte
745 1947 775 1991 et
797 1939 862 1991 idco
881 1954 929 1992 mc
945 1937 1084 1993 molestat
1099 1939 1164 1995 Do.

115 2025 229 2091 minus,
246 2034 275 2078 ut
293 2042 332 2080 cx
349 2026 403 2080 ista
421 2043 521 2080 eremo
539 2042 586 2080 nte
611 2027 638 2080 in
654 2026 805 2096 patblicum
823 2027 922 2097 rapiat.

179 2113 307 2168 Emsero
333 2131 388 2184 rgo
405 2132 465 2169 non
484 2114 686 2185 respondebo:
703 2116 898 2184 respondeat,
916 2113 965 2187 qui
982 2114 1065 2170 visus
1081 2115 1165 2175 suerit

110 2202 162 2258 tibi
182 2205 325 2272 idoneus,
341 2205 388 2259 vel
405 2204 606 2259 Amsdorlius:
625 2203 679 2259 nisi
697 2204 721 2259 is
738 2205 852 2275 dignior
867 2204 923 2273 sit,
941 2221 1031 2277 (auam
1046 2217 1161 2260 orcum

112 2292 175 2347 boc
196 2304 327 2348 stercore
345 2295 543 2349 committatur
554 2293 596 2358 ³).

159 2405 163 2414 ¹
193 2383 290 2437 Taaam
315 2383 342 2437 in
367 2385 463 2439 asinos
481 2384 663 2438 Parisienses
688 2384 863 2456 Apologiam
878 2380 923 2447 ”l
943 2400 1024 2438 -cum
1048 2384 1163 2440 illorum

113 2469 222 2525 insania
238 2473 324 2526 statui
342 2472 498 2525 vernacule
516 2473 584 2526 dare
603 2473 723 2541 adjectis
735 2473 971 2529 annotationibus
983 2473 1056 2540 W).
1076 2474 1163 2529 Valds

112 2559 223 2614 vallent
240 2560 459 2632 oecolampadii
489 2563 525 2616 de
551 2563 735 2617 confessione
754 2562 861 2617 librum
885 2565 962 2633 apud
985 2581 1042 2620 vos
1070 2565 1164 2620 itidem

112 2652 304 2706 vernaculum
337 2650 415 2719 lieri,
443 2663 474 2705 ut
498 2665 668 2723 rumpantur
692 2654 829 2724 pspistae.
879 2653 947 2723 Ego
974 2653 1114 2710 Pastillos
1137 2655 1165 2710 io

114 2738 273 2809 Evangelia
292 2740 445 2796 vernacula
462 2751 573 2811 tracto,
598 2745 696 2798 statim
721 2743 865 2798 missurus
887 2745 924 2799 ad
940 2745 1096 2813 incudem,
1118 2744 1167 2801 abi

114 2829 266 2884 denarium
286 2832 419 2899 attigero.

166 2920 293 2994 Qtiaudo
311 2923 353 2973 sic'
369 2921 472 2975 dorent
488 2938 535 2975 res
545 2931 681 2988 vestrae,
698 2939 745 2977 me
770 2924 854 2994 plane
872 2940 930 2978 non
948 2922 1064 2979 habetis
1082 2938 1166 2996 opos.

112 3010 210 3082 Atque
228 3011 278 3065 tibi
295 3022 413 3082 quoque
433 3013 583 3081 indignor,
609 3013 691 3085 qaod
709 3015 795 3068 tantis
820 3022 847 3067 te
864 3012 1014 3069 laboribus
1041 3031 1166 3083 oneras,

57 3249 61 3254 ⁸
167 3195 192 3244 *l
206 3192 267 3243 aaa
280 3193 375 3242 tauto
388 3192 474 3239 xvttl.
489 3194 555 3244 utut.
569 3195 602 3245 e.
614 3196 647 3242 ta.
662 3195 735 3243 matut
747 3188 833 3247 iitt't.
846 3197 882 3243 tit
895 3198 993 3249 rotato
1014 3196 1042 3244 in
1054 3189 1164 3247 ttttttrsit

114 3267 159 3317 aas
169 3265 264 3324 didymi
277 3265 386 3317 Faventit
401 3265 602 3319 (metamaucus)
617 3268 696 3312 oratio
710 3267 913 3320 reintraturum
924 3270 963 3317 tet
973 3269 1106 3335 dandam,
1120 3280 1165 3318 m

120 3340 214 3389 uttotr
233 3341 384 3386 sententiani
393 3339 410 3384 t.
431 3340 449 3394 5.
462 3341 495 3387 711.
513 3352 536 3397 p.
551 3343 594 3389 tto.
615 3342 681 3389 aluta
702 3342 794 3394 auitas
814 3343 873 3396 aiat.
898 3343 959 3392 ittet
976 3340 1027 3397 titi
1046 3344 1074 3397 ld
1091 3342 1165 3398 tatto

115 3413 167 3460 itai
181 3415 229 3460 tent
243 3415 361 3466 tatianus
374 3414 418 3463 dit.
433 3424 463 3460 aa
477 3413 654 3467 limitandum
666 3424 736 3466 moui
754 3414 797 3465 tati
816 3426 840 3462 rt
853 3417 946 3467 omitti
959 3418 1164 3472 oscitantia,

116 3488 169 3537 aui
185 3488 309 3538 turturi
334 3487 425 3539 iduati
447 3488 568 3539 aetuans
586 3488 723 3536 statuant
743 3489 820 3541 taint
840 3491 1163 3541 uetaeuattanxtetir·

116 3562 187 3615 arnt
206 3562 304 3614 (sciatis
320 3564 385 3612 litt.)
408 3563 440 3607 tat
459 3563 527 3611 &tun
545 3562 600 3609 auti
621 3561 701 3610 uetur
715 3556 807 3615 'sarid
826 3565 870 3616 atti
879 3565 914 3611 itt
927 3573 972 3612 aaa
987 3566 1086 3619 tatto:
1108 3566 1165 3617 ttai

117 3622 1033 3689 strattona-tat.attenuatusattritaitataautetsossb.
1056 3640 1135 3694 titan.
1201 3670 1205 3697 2

126 3721 132 3734 ·
164 3708 336 3760 '‘tddversus
355 3707 471 3755 furiosum
489 3704 657 3753 Parisicuslutu
676 3701 1104 3770 Tlteologastroramdecrctatooao
1120 3712 1163 3758 ta·
1199 3702 1205 3763 i

121 3780 146 3825 th
165 3791 219 3825 roa
239 3780 281 3825 olo
299 3781 328 3826 i.
1197 3780 1203 3821 ἱ

149 3792 254 3905 e''t'‘tpt.
269 3793 321 3905 abab
334 3823 358 3900 rs
371 3855 424 3904 uada
438 3855 486 3901 aaut
500 3855 545 3902 atr.
558 3862 580 3898 a.
593 3856 612 3899 6.
627 3855 686 3905 ttaa.
706 3865 736 3900 aa
750 3856 875 3905 statutis.
901 3857 949 3907 ote
963 3857 1058 3911 &attriti
1069 3858 1160 3909 matra

116 3932 186 3975 aaut
199 3929 248 3973 brut
261 3928 339 3976 titd:
353 3931 520 3983 &catarattula
534 3931 604 3977 ultre
617 3931 651 3976 tlt
665 3932 794 3990 attritam
805 3941 833 3990 ,tu
847 3932 920 3986 satit
937 3935 995 3982 taat.
1021 3934 1055 3987 Θ.
1068 3934 1161 3988 sttttt·
1194 3934 1199 3947 '

117 4004 247 4053 stante.
259 4006 292 4050 21.
