2574 4724
171 319 231 389 126
647 321 736 391 1522.

165 474 291 550 Ecquid
309 480 413 550 plural
430 482 514 555 qnasi
525 482 669 557 Majestas
685 485 779 559 possit
794 498 862 541 oum
878 491 978 541 vetere
995 480 1115 540 homine
1134 482 1214 555 loqui

163 568 361 636 familiariter,
386 584 413 627 et
431 592 491 630 non
508 576 588 646 prius
604 577 742 632 occidere
767 585 852 648 atque
870 576 1041 642 exsiccare,
1065 592 1102 629 ne
1119 575 1215 628 foere.

164 671 217 717 snt
239 658 265 741 ¹)
282 663 388 716 odores
406 664 470 734 ejas
486 662 623 736 pessimi,
645 683 714 721 cnm
738 667 775 723 sit
790 667 865 735 ignis
887 681 1080 722 consumens.
1113 664 1213 719 Etiam

163 752 278 808 somnia
295 764 324 807 et
342 752 470 815 visiones
487 748 659 811 structorum
671 768 740 811 sarit
755 756 898 812 terribiles
916 757 1036 822 saltem,
1053 765 1212 825 postquam

162 841 370 911 intelligantur.
403 844 499 900 'l'entn
515 861 587 914 ergo
611 856 639 900 et
654 865 692 902 ne
719 848 821 903 lesam
845 847 964 919 quidem
988 845 1086 900 audias
1103 844 1214 914 glorio-

159 947 248 1001 sam,
266 933 321 988 nisi
340 935 444 990 videris
461 937 541 1008 prius
558 936 742 993 crucifixum.

227 1023 273 1077 Ad
291 1041 428 1092 causam,
452 1026 583 1098 inquies,
607 1027 697 1097 quid?
721 1025 782 1082 hoc
805 1026 884 1082 enim
908 1038 955 1082 est
978 1027 1050 1082 alios
1068 1025 1209 1093 refutare,

161 1129 223 1169 non
248 1126 347 1169 nostru
373 1115 505 1186 probare.
541 1123 582 1172 nt
597 1115 659 1170 hoc
676 1118 829 1189 quomodo
847 1132 972 1188 possam
988 1115 1113 1181 absens,
1140 1131 1210 1169 cnm

160 1201 311 1272 ignorem,
335 1205 405 1275 quid
429 1215 581 1273 moveant,
606 1206 630 1261 si
653 1205 725 1261 nihil
750 1207 824 1261 eliud
842 1207 986 1274 excitant,
1013 1223 1101 1277 quam
1125 1205 1209 1260 illud:

159 1292 215 1367 qui
231 1294 402 1348 crediderit
419 1302 448 1348 et
464 1292 643 1367 baptisatus
650 1293 772 1364 suerit,
789 1294 898 1350 salvus
915 1296 991 1363 erit,
1009 1297 1124 1366 etquod
1143 1312 1209 1365 par.

160 1383 223 1441 vuli
242 1400 294 1455 per
311 1400 344 1438 se
361 1401 420 1438 non
438 1386 568 1439 credant.
601 1385 732 1440 Prorsus
751 1402 798 1440 me
814 1385 885 1439 nibil
903 1395 1033 1441 movent.
1069 1385 1208 1456 Quomo-

159 1473 199 1527 do
216 1475 294 1526 enim
312 1473 496 1544 probabunt,
512 1490 566 1530 eos
584 1492 643 1528 uon
660 1476 801 1531 credere?
817 1476 855 1529 At
872 1475 952 1546 quod
969 1491 1028 1528 non
1045 1476 1209 1545 loquuntur

160 1571 192 1617 et
213 1565 370 1617 ostendunt
396 1563 499 1630 fidem,
528 1565 661 1636 pulchre.
695 1564 757 1620 Hac
780 1564 892 1620 ratione
916 1574 988 1635 quot
1004 1564 1086 1618 horis
1104 1575 1133 1617 et
1150 1580 1207 1618 nos

159 1652 315 1708 Christiani
332 1653 460 1720 erimus,
475 1655 547 1708 dam
558 1654 721 1709 dormimus
733 1665 762 1708 et
778 1654 833 1711 alie
849 1654 990 1710 iacimus?
1008 1655 1117 1707 Annon
1134 1669 1206 1721 ergo

158 1743 266 1798 eodem
283 1743 373 1797 modo
390 1753 489 1814 potest
499 1743 582 1798 Dens
599 1755 662 1799 toto
673 1744 804 1798 infantiae
821 1754 973 1814 tempore,
990 1759 1047 1798 ceu
1064 1744 1204 1797 continuo

154 1848 278 1902 somno,
297 1831 383 1886 {idern
395 1831 484 1887 inillis
497 1839 632 1889 servare?
651 1833 741 1902 Bene,
752 1833 874 1905 inquies,
887 1833 947 1887 hoc
961 1834 1093 1888 confutat
1105 1835 1208 1886 adver.

75 1940 78 1944 ’
158 1922 252 1976 serios
269 1923 306 1977 de
323 1921 378 1976 lide
390 1923 451 1993 jam
470 1923 577 1978 infusa.
609 1922 724 1979 Athos
741 1925 856 1979 interim
872 1921 993 1987 sufficit,
1013 1940 1067 1977 eos
1084 1924 1206 1978 inveniri

159 2014 249 2079 tales,
269 2013 323 2083 qui
340 2011 411 2067 nihil
429 2011 569 2082 probent,
595 2021 626 2066 et
641 2012 715 2068 falso
739 2012 840 2083 spirita
864 2014 1008 2068 commoti
1024 2023 1090 2069 slut.
1125 2013 1207 2087 Quid

158 2100 197 2157 de
213 2102 389 2157 infundenda
405 2103 497 2159 dicis?
521 2101 592 2157 nihil
609 2114 655 2159 est
671 2101 814 2175 reliquum
831 2119 969 2172 prorsus,
995 2103 1050 2158 nisi
1068 2103 1138 2156 lides
1157 2104 1208 2156 nli.

157 2208 229 2258 sna,
253 2209 341 2268 qaum
359 2194 383 2246 si
401 2204 527 2248 statuere
545 2209 603 2247 non
622 2207 797 2265 possumus,
822 2191 894 2248 nibil
917 2194 1120 2265 disputandum
1143 2204 1206 2261 est,

157 2282 212 2338 sed
230 2282 398 2352 simpliciter
415 2282 593 2336 damnandus
610 2271 774 2352 baptismus
793 2283 990 2350 parvulorum.

224 2371 253 2427 Τ
255 2389 273 2426 ιι
289 2372 379 2438 dicis,
396 2371 508 2425 infirma
525 2388 590 2427 esse
606 2371 741 2441 exempla
761 2370 825 2438 lidei
842 2372 971 2427 alienae?
988 2371 1052 2441 Ego
1068 2372 1138 2427 nihil
1158 2372 1205 2426 fir.

156 2464 234 2517 mius
251 2478 318 2516 esse
335 2462 413 2515 dico.
447 2462 611 2515 Ostendant
633 2471 730 2515 autem
746 2460 802 2525 illi,
826 2477 932 2516 omnes
948 2479 1069 2534 qaoque
1087 2464 1206 2517 daemo.

156 2568 230 2618 nes,
254 2565 345 2604 unnim
362 2552 532 2621 exemplum
551 2550 614 2605 lidai
637 2551 744 2604 alienae
771 2548 927 2604 infirmnm.
961 2551 1040 2606 Nam
1058 2553 1139 2623 quod
1156 2555 1207 2607 Sa.

155 2641 285 2697 maelein
302 2656 403 2693 orasse
421 2657 474 2709 pro
490 2639 574 2694 Saule
588 2640 717 2705 inducis,
734 2638 804 2694 nihil
822 2653 882 2694 est:
902 2641 976 2696 luxit
993 2643 1125 2709 Saulem,
1143 2660 1204 2700 non

157 2731 268 2795 oravit,
292 2742 340 2784 sut
363 2731 387 2784 si
409 2729 519 2795 oravit,
544 2747 606 2784 non
632 2732 727 2784 oravit
744 2713 817 2796 lille,
846 2731 904 2784 hoc
922 2742 981 2798 est,
1006 2726 1067 2788 non
1084 2735 1207 2789 credidit

156 2820 282 2876 obtineri
307 2823 386 2892 qaod
411 2822 543 2892 petebat,
569 2822 665 2876 sedin
690 2820 828 2888 dabiram,
851 2832 900 2875 aut
924 2822 952 2876 in
970 2822 1120 2877 arbitrium
1145 2825 1205 2880 Dei

155 2910 295 2982 ponebat.
330 2910 589 2985 Quemadmodum
603 2911 698 2966 David
718 2928 770 2981 pro
782 2913 903 2982 parvulo
913 2927 986 2978 suo,
1004 2913 1129 2968 etmulti
1148 2931 1205 2983 pro

155 3001 255 3056 multis
271 3000 342 3055 aliis.
359 3001 387 3055 Si
404 3003 482 3055 enirn
499 3010 581 3055 certo
598 3001 744 3055 definisset
757 3018 790 3055 se
807 3013 1013 3073 accepturum,
1032 3005 1130 3074 atique
1149 3003 1203 3054 ob.

155 3092 297 3147 tinuisset.
331 3095 391 3146 Stat
414 3090 492 3146 enim
515 3090 606 3146 fidelis
631 3090 790 3162 promissio
814 3092 943 3160 Christi,
968 3090 1056 3146 Man.
1078 3093 1203 3146 lllllll:

155 3183 186 3238 si
203 3183 264 3237 duo
282 3199 378 3254 snper
392 3190 531 3250 terram,
547 3188 603 3236 etc.
622 3194 668 3235 eta
686 3198 886 3256 quaecunque
899 3182 1070 3254 petieritis,
1087 3183 1205 3235 credite

81 3263 84 3271 ¹
155 3273 234 3348 quia
250 3272 426 3344 accipietis,
443 3274 566 3339 sistent
583 3272 676 3328 vohis.
710 3274 771 3327 Stet
786 3289 858 3338 eruo
875 3273 1066 3338 inconcusse,
1095 3273 1206 3341 impos.

157 3363 240 3419 sibile
257 3379 342 3431 esse,
360 3372 391 3416 ut
408 3362 435 3415 id
454 3379 514 3417 non
533 3359 596 3429 liat,
613 3360 692 3432 quod
711 3362 835 3432 petitur,
853 3374 881 3416 et
896 3361 1024 3415 creditur
1041 3359 1119 3429 fieri,
1137 3364 1206 3418 alio·

156 3453 207 3527 qui
224 3453 368 3507 vacillabit
383 3453 520 3506 universa
545 3453 677 3506 doctrina
696 3451 777 3517 lidei,
801 3468 857 3506 uec
874 3453 990 3522 propria
1008 3451 1078 3506 lidus
1097 3455 1206 3524 aliqud

156 3543 283 3608 valebit,
299 3559 368 3596 cum
384 3543 492 3596 niautnr
505 3541 637 3611 ejusdem
653 3540 907 3610 promissionibus.
943 3541 1006 3595 lmo
1026 3541 1096 3596 lides
1113 3544 1205 3598 aliena

156 3631 245 3689 nobis
264 3632 399 3702 propria,
424 3632 475 3687 sed
493 3631 575 3684 alteri
590 3630 682 3683 aliena
700 3641 763 3689 est.
787 3623 977 3685 nibilominus
1002 3648 1124 3687 necesse
1142 3645 1204 3700 est,

157 3733 191 3778 ut
217 3721 265 3777 lint
280 3723 308 3776 in
326 3722 436 3793 altero,
458 3721 539 3793 quod
561 3720 663 3775 credit.
699 3719 765 3773 llus
787 3720 933 3789 pertinent
953 3723 1049 3776 onmia
1068 3726 1207 3794 exempla

157 3813 321 3884 Evangelii.
354 3813 463 3884 Neque
479 3816 557 3868 enim
575 3811 728 3883 aliquando
743 3828 835 3867 unum
851 3812 959 3870 dimisit
975 3813 1128 3884 Christus,
1154 3816 1204 3887 qui

197 3997 230 4055 'll
243 3998 321 4046 turis
335 3998 439 4045 iactarat
