2574 4724
173 252 243 361 aaa
660 297 751 364 assa.
797 338 800 346 ·

167 419 381 518 'snmus
715 505 718 509 .
878 448 1196 509 Naccctxxxm.

540 596 864 696 suffetanum.
1182 584 1186 595 ’

172 735 177 743 ’
229 754 253 805 u.
265 753 344 803 uarat
354 761 397 803 aar
409 715 572 809 amalricum
585 759 739 812 taratantara
752 757 777 805 ta
791 758 889 810 carust.
908 756 954 804 aut
974 755 1080 808 emetat
1093 763 1133 807 aar
1144 753 1230 803 wau·

147 823 151 830 '
181 827 334 956 amlettptpp
348 827 562 883 ereaturarum.
581 830 657 877 tatem
674 840 699 877 et
716 828 755 882 tto
774 828 829 877 tltrr
846 830 978 881 benutfelt
994 828 1228 882 rtularrtrlutralu«

213 910 269 956 narr
295 910 305 947 t
329 905 377 956 aar.

293 1094 345 1150 Μ
356 1093 519 1143 aurifaber
531 1092 560 1142 11.
573 1097 607 1144 5⁹.
632 1048 731 1149 bruun
744 1097 785 1151 ltu
797 1094 892 1146 waltb
903 1095 956 1142 XV.
984 1095 1045 1149 aab.
1059 1094 1107 1142 cv.

180 1229 331 1330 Salutem.
365 1276 450 1341 Ante
478 1276 575 1331 omnia
602 1286 720 1345 cavete,
754 1294 791 1331 ne
817 1275 1024 1332 Eriordienses
1051 1275 1231 1330 nostratium

180 1364 362 1421 aemulentur
384 1365 556 1434 tumultum,
583 1365 611 1420 in
628 1367 794 1421 auferendis
811 1365 1003 1434 imaginibus,
1028 1365 1146 1432 missis,
1171 1383 1232 1420 una

94 1482 100 1494 =
180 1447 297 1526 specie,
327 1463 357 1508 et
381 1453 441 1509 aliis
459 1455 606 1519 omnibus.
640 1455 740 1510 Verbo
757 1456 823 1510 solo
854 1465 922 1510 sunt
947 1455 1103 1509 auferenda
1130 1456 1231 1510 omnia

180 1536 330 1609 scandala,
347 1553 379 1598 ut
394 1556 502 1613 sponte
513 1559 565 1598 sua
581 1544 700 1613 cadant,
719 1555 748 1600 et
763 1545 826 1600 si'ne
838 1561 927 1598 manu
940 1555 1153 1611 conterantur,
1172 1546 1231 1600 sic.

178 1627 212 1687 ut
230 1633 305 1687 idola
322 1650 376 1705 per
392 1635 554 1704 Apostolos
572 1632 664 1687 ablata
687 1644 764 1688 sunt.
798 1633 938 1689 Doceant
960 1635 1048 1687 etiam
1063 1643 1092 1687 et
1108 1643 1231 1703 urgeant

179 1721 267 1777 fidem
285 1734 312 1776 et
328 1721 519 1786 charitatem,
537 1721 589 1775 alia
606 1739 659 1792 per
678 1739 711 1777 se
720 1732 789 1777 nota
808 1733 886 1777 sunt.
911 1720 992 1793 ,Nou
1009 1733 1053 1776 est
1066 1723 1136 1776 mihi
1154 1733 1231 1778 tem.

175 1806 236 1891 pus
253 1810 398 1865 scribendi
415 1807 522 1865 vestris
539 1810 811 1866 concionatoribus.
845 1813 873 1864 Si
894 1810 1000 1866 haeres
1018 1812 1154 1866 inmissa
1172 1812 1231 1883 pri.

180 1895 262 1970 iata,
279 1918 332 1955 cur
348 1917 408 1955 non
425 1899 573 1955 abstines?
602 1897 687 1974 Quae
705 1894 751 1955 e's't
771 1900 848 1954 enim
866 1899 1032 1954 celebrandi
1049 1902 1230 1960 necessitas?

179 1984 290 2047 Nonne
307 1980 433 2046 verbum
449 1991 558 2044 missae
576 1999 661 2060 potes
679 1989 742 2044 sine
760 1990 859 2059 specie
872 1989 1048 2044 sacramenti
1064 1992 1231 2062 apprehen.

180 2083 273 2139 dere?
293 2084 352 2137 Aut
369 2081 554 2135 communica
577 2096 645 2133 cum
663 2079 813 2134 sodalibus
831 2080 944 2156 alicubi.
979 2079 1178 2136 Veruntamen
1197 2084 1232 2146 li.

180 2173 276 2228 bellus
293 2187 377 2226 meus
404 2169 457 2238 *‘)
445 2186 507 2240 Jam
524 2169 580 2224 sub
597 2170 697 2240 prelo,
722 2171 758 2223 de
775 2169 823 2224 his
839 2170 977 2224 omnibus
999 2170 1083 2226 latius
1101 2173 1231 2229 narrabit

182 2261 403 2332 orbijudieium
419 2274 529 2313 meum
566 2308 568 2312 ,
612 2268 614 2273 “

183 2388 191 2404 .
247 2359 296 2411 De
322 2357 378 2410 lide
397 2354 548 2408 viduarum
564 2351 639 2424 apud
663 2314 843 2424 Apostolum
860 2354 952 2410 habes
969 2372 1065 2410 meam
1090 2358 1231 2411 sementi.

184 2464 231 2504 arn
248 2449 277 2500 in
293 2446 393 2500 libello
411 2445 446 2498 ‹le
464 2445 557 2511 votis,
587 2460 642 2510 ego
661 2442 735 2496 aliud
752 2461 813 2496 non
831 2444 937 2499 habeo.
972 2446 1207 2500 Aunotationes
1201 2466 1229 2501 m
1249 2496 1252 2501 ⁴

182 2536 303 2605 Esajam
329 2551 368 2588 ex
394 2550 442 2587 me
461 2533 552 2602 petis,
578 2549 611 2585 ea
629 2530 804 2599 cogitatione
828 2533 911 2602 quasi
928 2533 978 2588 tibi
997 2520 1097 2589 similis
1115 2535 1231 2589 otiosus

184 2636 215 2681 et
238 2625 354 2697 quietus
377 2633 438 2677 tota
463 2621 529 2684 die,
552 2637 620 2677 cum
639 2636 693 2687 ego
712 2635 727 2673 a
745 2631 773 2674 te
797 2620 921 2678 debeam
937 2625 1056 2693 exigere
1074 2624 1147 2680 talia.
1181 2626 1232 2680 Ad

173 2713 351 2787 Capitulum
368 2728 422 2766 cur
438 2727 499 2768 nou
515 2710 642 2764 eundem
658 2708 728 2776 tibi,
750 2726 811 2764 non
828 2711 933 2778 video,
952 2717 1125 2784 praesertim
1145 2732 1232 2771 voca.

184 2815 228 2873 to,
247 2819 316 2858 cum
332 2812 361 2857 et
378 2811 441 2854 tuto
458 2800 491 2854 id
498 2799 607 2870 possis,
625 2809 655 2853 et
671 2799 867 2855 interamicos
885 2799 1045 2859 habeatur.
1064 2821 1125 2859 cur
1135 2805 1231 2872 times,

187 2893 238 2948 ubi
254 2893 421 2948 timornon
437 2895 501 2945 est?
565 2911 584 2934 r..

252 2990 408 3044 Caeterum
424 3002 491 3052 ora,
508 3000 620 3055 quaeso
628 2983 790 3052 ‚diligenter
803 3003 857 3055 pro
875 3001 923 3041 me
936 2996 965 3042 et
981 3004 1068 3042 causa
1085 2989 1149 3043 ista.
1184 2991 1234 3043 Sa.

187 3089 237 3139 tan
253 3079 378 3138 summis
396 3087 425 3134 et
441 3075 578 3131 omnibus
595 3075 705 3128 viribus
722 3091 776 3128 nos
799 3077 879 3146 perit.
914 3077 1021 3132 Hostes
1039 3079 1115 3132 edito
1133 3077 1232 3134 libello

188 3170 350 3240 gloriantur
367 3168 402 3220 de
421 3166 603 3221 revocatione
621 3163 748 3216 duorum
774 3163 1027 3233 Lutheranorum‚
1055 3165 1162 3220 Jacobi
1180 3186 1234 3222 110.

190 3260 241 3315 stri
266 3270 295 3312 et
320 3255 477 3310 llermanni
499 3252 661 3321 cujusdam.
695 3251 849 3307 Melclrior
874 3253 1013 3307 Mirisch'
1028 3272 1235 3313 nouscvoca.

190 3348 247 3414 vit,
265 3348 317 3402 sed
333 3344 434 3399 scribit
450 3359 482 3396 se
493 3342 652 3412 prudenter
665 3334 776 3408 egisse,
795 3351 826 3396 ut
837 3342 957 3409 gratiam
969 3358 1073 3397 eorum
1090 3358 1234 3414 servaret,

189 3439 250 3493 boc
266 3447 309 3491 est
327 3435 457 3489 Satauam
474 3433 623 3500 adoravit,
640 3441 669 3484 et
686 3428 838 3483 Christum
849 3430 995 3487 simulavit
1012 3450 1044 3488 se
1060 3434 1154 3500 scire,
1172 3435 1234 3489 bul.

190 3531 235 3584 lus
259 3519 406 3597 gloriator.
446 3522 535 3577 Multi
552 3520 596 3575 alii
614 3521 710 3574 coacti
736 3528 805 3574 suut
836 3519 942 3575 Jacobi
966 3523 1147 3579 revocationi
1165 3525 1235 3579 sub.

190 3618 331 3673 scribere.
368 3614 430 3667 Vidi
449 3627 567 3666 manum
584 3606 740 3675 Mirischii·
755 3609 787 3661 ad
807 3609 1000 3680 Spalatinum,
1019 3615 1139 3684 copiose
1158 3616 1234 3667 reci,

133 3771 138 3783 Ι
190 3702 494 3775 tamismiserabilem
511 3711 540 3757 et
556 3699 714 3756 terribilem
734 3695 896 3773 Jacobinae
919 3703 1117 3760 revocationis
1138 3702 1233 3760 histo.

192 3824 290 3855 espu-
587 3844 590 3848 .

234 3912 263 4009 '.,
277 3956 309 4004 a.
322 3955 366 4002 m
379 3909 402 4000 g
415 3949 533 4004 &araur
545 3955 568 3997 a·
580 3949 612 3995 a.
626 3946 711 4000 marr.
732 3945 777 3993 uo.
792 3912 949 3998 coctum·
970 4010 974 4015 .
995 4010 998 4015 ,

621 4043 628 4066 .
