2574 4724
167 317 207 392 ut
647 323 737 388 1521.

208 475 351 534 Domino
368 477 508 553 Georqio
525 479 713 554 spalatino,
730 476 885 553 discipulo
898 449 1038 550 ’clarina
1057 492 1114 537 stro
1131 474 1166 538 itt
1199 509 1202 515 >

585 571 656 639 fide
673 572 784 628 abaco.

166 677 318 778 salutem.
354 720 529 793 ingratiores
546 725 644 782 literas
661 727 710 783 vix
727 726 801 797 legi,
821 743 912 798 qttam
936 727 990 783 has
1006 736 1069 783 tuas
1085 724 1214 782 novissi.

164 826 246 881 mas,
264 813 301 867 ita
319 823 349 867 ut
367 831 429 869 non
444 814 545 870 sulum'
558 814 740 884 distulerim,
756 818 810 873 sed
827 826 856 873 et
872 818 1023 873 statuerim
1036 816 1121 873 vobis
1137 815 1213 870 nihil

163 902 353 973 respondere.
386 901 521 959 Primum
533 899 593 963 uon
603 906 707 971 haam,
725 907 804 978 quod
816 906 871 974 ais,
887 924 947 963 non
960 921 1115 979 passurum
1127 905 1214 960 Prin.

69 1017 72 1023 ·
164 991 281 1060 cipem,
298 991 432 1048 scribiin
449 992 677 1063 Moguotinttm,
692 1011 750 1051 nec
767 996 846 1066 equod
863 995 1010 1066 publicam
1029 1010 1129 1064 pacem
1145 1010 1213 1064 per.

163 1079 285 1136 turbare
302 1082 407 1150 possit:
424 1080 523 1153 potius
541 1092 569 1138 te
586 1094 616 1140 et
631 1084 799 1156 Principem
811 1085 908 1156 ipsum
920 1085 1039 1156 perdam
1050 1094 1080 1139 et
1091 1099 1214 1138 omnem

162 1181 338 1227 amaturum.
370 1172 399 1227 Si
416 1172 494 1227 enim
510 1174 635 1229 creatori
658 1174 743 1245 ejus,
764 1173 879 1247 Papae,
904 1175 1015 1243 restiti,
1040 1191 1094 1228 cur
1109 1173 1213 1229 cedam

163 1259 229 1331 ejus
247 1263 420 1316 creaturae?

228 1349 357 1406 Pulchre
373 1367 446 1406 vero
458 1368 519 1407 non
529 1350 704 1408 turbandam
715 1368 818 1424 pacem
835 1353 982 1425 publicam
999 1353 1165 1420 arbitraris,
1182 1363 1213 1409 et

163 1428 337 1499 turbandam
354 1441 380 1510 ²)
396 1458 499 1513 pacem
517 1453 665 1499 aeternam
682 1444 742 1498 Dei
757 1460 811 1515 per
827 1444 929 1514 impias
953 1445 1029 1499 illius
1047 1453 1074 1501 et
1089 1445 1210 1498 sacrile.

165 1543 216 1597 gas
233 1529 403 1603 perditiqnis
421 1531 608 1600 operationes
622 1531 760 1604 patieris?
793 1531 866 1588 Non
883 1534 942 1600 sic,
964 1534 1124 1604 Spalatine,
1151 1549 1213 1588 nou

149 1618 225 1685 sic,
243 1617 400 1690 Princeps:
425 1619 477 1674 sed
495 1636 548 1690 pro
567 1619 671 1675 ovibus
691 1619 798 1677 Christi
815 1622 1010 1677 resistendum
1028 1632 1073 1676 est
1090 1622 1212 1675 summis

162 1706 274 1762 biribus
292 1709 361 1779 lupo
379 1707 425 1763 isti
441 1709 636 1777 gravissimo,
660 1709 696 1764 ad
718 1710 888 1782 exemplum
913 1711 1047 1764 aliorum.
1082 1710 1211 1765 Proinde

163 1800 247 1854 mitto
265 1799 394 1854 libellum
412 1801 440 1855 iu
457 1816 526 1854 eum
538 1799 600 1869 jam
618 1810 766 1871 paratum,
784 1817 851 1856 cum
863 1802 1012 1856 venisseut
1023 1802 1123 1856 literae
1137 1813 1211 1869 tuae,

163 1887 270 1960 quibus
288 1887 359 1944 nihil
375 1898 474 1944 motus
492 1904 577 1955 sum,
602 1905 634 1944 ut
650 1889 757 1961 aliquid
774 1900 933 1945 mutarem:
960 1905 1129 1963 quanquam
1155 1890 1211 1944 sub

162 1977 291 2050 Philippi
308 1979 453 2033 calculum
470 1979 673 2050 projeceram,
690 1989 724 2034 ut
738 1978 786 2035 ille
800 1991 943 2049 mutaret,
959 1981 1039 2052 quod
1053 1981 1212 2035 videretur.

163 2068 215 2123 'I'u
231 2085 303 2138 ergo
320 2084 402 2139 cave,
419 2087 456 2124 ue
473 2068 583 2126 librum
600 2069 737 2143 Philippo
754 2086 816 2126 non
833 2072 951 2140 reddas,
967 2083 1015 2126 aut
1027 2072 1212 2128 dissuadeast

66 2216 69 2221 .
164 2156 257 2212 lixum
275 2167 340 2226 est,
357 2167 386 2214 te
403 2174 464 2212 non
481 2159 610 2214 auditum
627 2158 672 2215 iri.

160 2290 164 2294 a
231 2245 322 2322 Quod
340 2262 411 2302 vero
429 2247 505 2302 male
522 2247 622 2303 audire
639 2263 695 2303 nos
713 2264 783 2304 cum
799 2249 908 2305 nostris
926 2249 1076 2318 cogimur,
1101 2249 1147 2302 vel
1174 2249 1210 2302 ab

164 2336 352 2400 adversariis,
377 2336 422 2390 vel
445 2335 535 2391 nimio
552 2335 673 2390 civiliter
688 2323 878 2407 prudentibus
895 2338 923 2390 iu
946 2353 978 2390 re
1002 2336 1114 2402 divina,
1139 2337 1210 2392 nihil

163 2425 288 2480 debuisti
311 2425 443 2491 moveri,
468 2441 537 2479 cum
561 2424 637 2479 scias
662 2423 811 2480 Christum
829 2434 857 2478 et
873 2425 1052 2494 Apostolum
1069 2442 1129 2478 non
1151 2426 1211 2495 pla.

164 2515 261 2569 cuisse
278 2512 459 2569 hominibus.
494 2513 602 2584 Neque
620 2511 697 2567 enim
716 2511 813 2567 adhuc
838 2513 944 2578 audio,
969 2499 1090 2568 nostros
1115 2514 1212 2585 aliquo

164 2602 269 2671 flagitio
281 2600 430 2668 accusari,
447 2601 499 2655 sed
517 2610 630 2657 tamum
647 2610 800 2656 contemtu
817 2600 971 2672 impictatis
989 2612 1018 2656 ct
1034 2604 1212 2673 perditarum

164 2691 381 2748 doctrinarumz
407 2679 572 2762 quanquam
585 2689 734 2761 juveniles
751 2690 795 2745 isti
813 2700 912 2745 motus
931 2690 959 2749 *l
984 2708 1044 2746 uon
1064 2694 1213 2763 placeant,

164 2780 217 2853 qui
233 2782 354 2836 Antonii
370 2779 497 2848 legatum
514 2782 590 2835 male
608 2788 802 2850 acceperuut:
831 2781 885 2835 sed
909 2781 975 2853 quis
993 2782 1131 2838 omnibus
1149 2801 1213 2839 om.

164 2870 194 2928 ui
210 2870 281 2926 loco
299 2883 327 2924 et
343 2883 476 2940 tempore
493 2870 609 2924 frenum
625 2869 754 2940 injiciat?

231 2963 277 3015 An
295 2959 333 3015 illi
351 2959 420 3014 nibil
438 2974 568 3030 unquam
586 2958 737 3027 designaut
759 2959 846 3015 mali?
878 2959 919 3015 Et
936 2961 1067 3033 discipuli
1086 2963 1214 3019 tulerunt

164 3049 262 3107 Judae
280 3050 451 3105 lscltariotis
468 3048 679 3122 opprobrium,
703 3059 734 3102 et
756 3049 884 3121 quotidie
909 3051 938 3105 in
954 3054 1211 3108 communitatibus

165 3143 301 3201 feruntur
321 3140 397 3195 mali.
433 3139 493 3194 Soli
515 3155 572 3195 nos
595 3154 717 3206 sumus,
741 3157 757 3193 a
780 3140 887 3211 quibus
910 3142 1051 3210 exigitur,
1073 3160 1110 3196 ne
1133 3146 1213 3198 canis

166 3228 279 3287 mutiat.
314 3230 468 3295 Obsecro,
490 3245 527 3284 ue
550 3244 669 3299 speres,
693 3245 748 3284 nos
772 3230 921 3300 apologias
939 3231 1058 3300 singulis
1076 3232 1215 3302 reddere,

167 3323 275 3397 quibus
292 3321 455 3392 displicebit
471 3319 698 3389 Wittemberga:
716 3321 785 3392 quid
801 3321 879 3376 enim
896 3322 1127 3393 impossibilius?

166 3406 169 3412 ’
234 3411 307 3468 Νοη
325 3421 391 3466 ruat
412 3411 479 3466 ideo
496 3409 704 3479 Evangelium,
729 3411 754 3465 si
776 3410 862 3482 aliqui
885 3422 1019 3467 nostrum
1041 3425 1165 3484 peccaut
1186 3417 1216 3471 in

167 3503 359 3559 modestiam:
377 3502 426 3573 qui
443 3510 542 3556 autem
559 3500 720 3554 alienantur
735 3500 871 3568 averbo,
889 3501 943 3556 hac
955 3518 1059 3571 causa,
1076 3523 1136 3560 nou
1148 3523 1215 3559 ver.

219 3758 239 3805 tl
255 3749 312 3798 coil.
326 3753 379 3797 Jeu.
392 3762 512 3808 -pacem
527 3749 644 3807 publia-am
657 3746 779 3796 arbitraris
794 3752 819 3796 el
832 3751 970 3796 turbandam
986 3754 1030 3798 ele.

169 3858 385 3873 *a

218 3925 246 3975 *l
273 3920 462 3974 mitisssimus
481 3922 743 3975 attinentiaeunnmn
764 3921 789 3967 in
810 3921 964 3974 wittenbach.
990 3924 1047 3972 wer
1065 3924 1092 3977 tp
1108 3926 1160 3973 aaa
1178 3931 1216 3976 m

170 3997 262 4055 legatus
275 3994 393 4041 Antoniis
1020 4011 1024 4019 .
1138 4022 1141 4030 ¹
