2574 4724
549 320 638 388 1522.
1053 315 1114 386 217

135 473 256 534 Picardi
274 475 349 548 apud
364 493 413 532 me
429 474 541 548 legatos
558 477 740 546 habuerunt,
764 477 800 532 de
817 476 874 533 iids
890 490 940 530 sua
959 473 1115 530 consulen-

70 574 132 622 tes:
148 565 249 622 inveni
265 569 357 622 ferme
369 569 467 623 omnia
483 585 567 636 asna,
587 569 642 623 uisi
655 568 734 640 quod
746 567 875 623 obscura
890 566 991 640 phrasi
1008 573 1037 619 et
1049 564 1117 619 ber.

69 655 141 712 bars
156 667 279 712 utuntur
294 675 349 727 pro
366 658 532 729 Scripturas
551 658 659 728 phrasi.
691 657 808 713 Deinde
824 672 898 727 quse
913 672 962 710 me
978 664 1114 721 movent,

70 758 157 814 sunt,
174 746 256 819 quod
273 747 465 817 parvulorum
482 747 659 817 baptismum
685 746 790 801 nuliius
807 746 872 801 fidei
889 757 918 801 et
935 747 1050 800 inactus
1066 761 1116 799 ss.

72 847 194 904 semus,
211 847 354 891 ettamen
372 853 425 891 eos
441 835 604 908 baptisans,
622 848 650 890 et
666 835 844 907 rebaptisam
861 835 895 889 ad
911 851 943 890 se
959 835 1115 890 venientes

71 940 111 982 ex
127 909 257 991 posuis,
281 924 386 979 deinde
402 935 516 996 septem
541 935 722 980 sacramenta
738 934 864 995 ponunta
894 914 974 979 Nam
990 923 1113 979 caelibe.

69 1024 119 1070 tus
137 1014 327 1070 sacerdotatis
350 1013 426 1069 iater
451 1030 504 1068 eos
522 1015 639 1084 piacet,
664 1030 733 1068 cum
751 1031 810 1068 noo
826 1013 1028 1068 neceesarium
1044 1014 1115 1069 iaci.

70 1114 139 1172 snt,
156 1103 210 1158 sed
226 1102 364 1157 liberum.
398 1102 483 1157 Adeo
500 1117 644 1174 amquam
658 1113 704 1157 est
721 1103 750 1157 ia
768 1101 840 1157 orbs
851 1101 962 1173 puritas
979 1101 1113 1172 Evange.

70 1192 111 1246 iii.
144 1198 193 1246 Aa
210 1201 240 1246 et
257 1190 324 1245 fidei
341 1195 372 1245 et'
387 1207 510 1260 operum
521 1207 619 1245 sanam
636 1190 760 1245 habeant
771 1191 962 1259 seutentiam,
978 1192 1113 1247 nondum

70 1281 183 1354 liquet,
199 1280 284 1334 vsids
301 1279 378 1334 euim
395 1279 514 1335 dubito:
541 1280 576 1334 de
594 1279 779 1334 Eucharistiae
797 1278 869 1334 nihil
887 1281 991 1334 falsum
1008 1280 1113 1345 video,

69 1371 125 1426 nisi
142 1369 241 1424 talant
256 1368 372 1437 verbis,
395 1369 439 1423 sic
456 1386 514 1423 neo
530 1369 566 1423 de
586 1369 744 1441 Baptismo.
778 1368 849 1423 Vale
866 1382 897 1425 et
912 1385 964 1425 ors
982 1387 1035 1440 pro
1052 1387 1112 1428 me.

136 1490 236 1565 Quam
252 1490 376 1558 vollem,
392 1498 426 1545 ut
443 1506 564 1545 curares
581 1489 735 1562 aliquando
752 1488 923 1563 Philippum
939 1508 954 1544 a
971 1509 1114 1561 gramma.

72 1581 130 1635 tica
146 1579 276 1634 lectione
298 1579 448 1646 amoveri,
474 1589 507 1634 ut
523 1578 698 1648 theologicis
721 1591 854 1636 vacaret:
879 1581 1113 1650 indignissimum

73 1679 134 1738 est,
160 1669 258 1740 ipsmn
280 1669 371 1732 (sicut
394 1679 476 1722 antea
499 1668 620 1737 scripsi)
639 1680 758 1722 centum
776 1684 882 1740 aureos
900 1686 955 1739 pro
971 1687 1113 1740 gmmma.
1155 1681 1157 1686 '

71 1760 129 1815 tica
145 1757 273 1825 mereri,
290 1773 359 1811 cum
377 1757 492 1811 iuterim
507 1757 579 1812 duas
596 1756 778 1828 theologicas
795 1757 1010 1814 inaestimabilis
1027 1760 1112 1830 pretii

71 1848 155 1920 legat.
191 1846 316 1902 Abunde
333 1847 403 1901 sutis
419 1846 628 1916 magistrorum
645 1857 707 1913 est,
731 1847 781 1918 qui
799 1863 891 1920 seque
908 1856 941 1904 ut
955 1848 1112 1921 Philippus

72 1937 260 2010 grammatica
286 1936 395 1990 dooere
421 1945 564 2005 possunt,
588 1944 618 1989 et
636 1934 724 1990 otiosi
750 1951 817 1990 esse
833 1949 903 2006 prse
920 1937 986 2009 ipso
1003 1956 1113 2008 cogun.

71 2040 128 2086 tur.
164 2027 253 2083 Deus
271 2027 401 2080 destruat
420 2025 571 2080 Rethaven
585 2023 672 2091 iliud,
691 2023 716 2092 ⁸)
734 2034 765 2079 ut
784 2025 923 2080 censibus
939 2044 954 2080 a
973 2029 1113 2084 clamosis

70 2115 277 2174 sacerdotibus
302 2115 411 2186 raptis,
429 2113 471 2180 ⁸¹⁵)
498 2113 533 2167 ad
550 2128 621 2167 usus
644 2112 719 2167 bene
744 2113 914 2168 docentium
937 2119 1113 2172 transferas·

70 2221 134 2279 tur,
160 2211 269 2263 Amen.
317 2205 555 2273 Witembergae,
581 2204 649 2258 feria
671 2201 698 2258 6.
720 2205 788 2274 posi
812 2203 1012 2274 visitationis,
1035 2224 1113 2265 antro

70 2297 241 2356 Moxxn.
272 2295 410 2353 Priorem
426 2293 516 2350 istum
531 2291 795 2362 Nurnbergeasem
813 2292 863 2347 tibi
888 2298 1079 2354 commendo.

650 2405 737 2463 Tuus
753 2405 902 2463 Martinus
920 2386 1112 2472 anaema*

105 2740 131 2802 d.
149 2739 281 2810 Suiiss.
827 2739 879 2798 Ns
897 2742 1080 2800 ccccxm.

427 2889 476 2959 iia
497 2889 627 2959 istac.
651 2888 751 2961 diui.

94 3053 128 3105 tt
141 3052 215 3103 sset
228 3050 269 3098 ss.
282 3050 305 3099 2.
319 3048 428 3102 stragas
441 3048 494 3100 ausi
508 3047 584 3098 setara
598 3048 735 3102 uufentsait
748 3048 774 3095 is
787 3048 933 3104 mittentem
947 3058 973 3103 ut
986 3049 1089 3102 stium.

517 3178 661 3200 ann-d

223 3287 275 3338 sstt)
291 3284 452 3330 Auridaber
464 3284 492 3329 ΙΙ.
507 3286 539 3332 ti,
564 3281 662 3335 scatia
676 3284 715 3336 itu
729 3282 822 3334 ‘maid
836 3282 898 3329 XXI.
910 3287 956 3336 sod.

71 3422 181 3522 Gratia
200 3477 228 3521 et
246 3483 304 3537 pax
322 3467 350 3521 in
368 3465 495 3521 Christo.
529 3467 589 3520 Aut
607 3475 637 3518 tu
656 3465 756 3533 fingis,
782 3467 894 3537 optime
911 3464 1021 3534 Pater,
1044 3483 1113 3522 cau.

69 3572 131 3611 sam
148 3555 274 3626 aliquam
298 3557 433 3610 frivolam
458 3572 558 3610 morae
576 3566 661 3622 tuae,
691 3564 738 3609 aut
757 3555 820 3609 odis
839 3566 974 3621 nostrum
991 3573 1113 3613 consor.

69 3647 152 3701 tium.
188 3646 266 3720 Quid
286 3645 361 3699 enim
380 3655 441 3708 est,
463 3656 496 3700 ut
513 3645 578 3699 istic
595 3645 751 3699 desideas?
781 3645 953 3714 Superiores
972 3656 1001 3700 et
1018 3647 1114 3701 inieri-

70 3752 137 3788 ores
156 3750 253 3805 partes
270 3744 365 3787 terrae
383 3734 434 3787 tibi
455 3732 619 3803 prohibitae
636 3744 718 3789 suat:
735 3747 882 3804 ratasquttu
899 3735 987 3789 tatius
1004 3734 1034 3790 e't
1050 3753 1112 3792 me.

118 3983 141 4034 ⁹)
155 3983 209 4032 Dat
223 3983 289 4035 erist
302 3983 328 4029 is
342 3982 495 4038 {situatas
545 3984 582 4037 ⁸⁵)
596 3983 675 4035 &stlte
687 3980 781 4037 seties:
795 3979 880 4032 censui
893 4015 900 4028 .
914 4015 921 4028 .
935 4016 940 4029 .
954 3970 1024 4041 rapti·
