2574 4724
179 319 241 412 sn·
541 295 545 303 ’
658 327 749 412 rot.

182 501 368 560 Venerabili
391 502 425 558 in
453 481 580 559 Christo
599 485 727 575 fratri,
753 484 877 558 Joonm'
901 483 1142 575 Briananno.
1162 484 1253 561 seno

227 594 291 650 Dei
308 600 337 648 et
352 590 438 649 verbi
453 591 604 648 ministro
612 592 709 661 fideli
724 592 758 647 in
776 591 881 666 Reqio
897 599 1004 648 monte
1021 592 1211 652 Prassiae.

182 729 236 819 G·
260 782 290 828 et
311 771 346 829 P.
371 774 400 829 in
419 772 552 831 Christo.
587 774 782 831 Suavissimne
805 775 928 829 fuerunt
947 773 1073 830 litterae
1098 784 1193 846 tuae,
1215 774 1251 832 ud

180 861 375 934 Brismanne,
394 873 423 919 et
440 864 630 935 repleverunt
644 863 751 933 gaudio
768 879 804 918 os
815 876 969 932 nostrum,
987 865 1079 936 quod
1094 864 1249 921 Dominus

153 1020 155 1024 .
180 951 274 1009 Jesus
293 953 337 1008 sic
356 968 525 1008 sermonem
544 968 632 1007 suurn
652 963 813 1024 promovet
835 952 911 1024 apud
934 967 991 1008 vos
1017 964 1052 1008 et
1078 954 1248 1012 confirmat.

181 1040 267 1099 Idem
291 1043 393 1111 iaciat,
418 1053 449 1098 ut
471 1044 506 1097 nd
528 1043 617 1098 finem
638 1056 733 1116 usqne
758 1043 787 1097 in
809 1044 885 1098 diem
909 1055 998 1099 suum
1021 1042 1073 1099 sic
1102 1054 1250 1103 corruet

182 1130 309 1188 abundet
325 1131 439 1201 magis,
461 1135 568 1187 Amen.
588 1172 591 1181 .

188 1240 193 1247 ”
245 1236 294 1293 Te
311 1254 432 1310 quoque
450 1234 647 1293 vehementer
663 1253 811 1306 amamus,
829 1237 910 1310 quod
928 1216 1015 1293 butor
1031 1255 1092 1307 es,
1111 1257 1154 1296 ne
1168 1242 1247 1314 quir.

182 1330 271 1401 quam
293 1327 322 1382 vi
345 1339 394 1381 aut
419 1326 564 1392 tumultu.
587 1327 641 1381 sed
664 1328 762 1381 omnia
779 1326 843 1383 sula
859 1328 968 1381 virtute
985 1326 1077 1382 verbi
1097 1342 1245 1415 gerantur.

181 1412 333 1473 Dominus
358 1426 388 1470 et
410 1426 571 1472 conservet
597 1424 627 1473 et
650 1417 791 1486 adaugeat
813 1415 951 1489 spiritum
974 1415 1064 1471 illum
1093 1419 1125 1474 in
1151 1432 1201 1491 re,
1219 1427 1245 1474 et

183 1506 323 1562 omnibus
342 1506 416 1561 aliis.

245 1612 333 1687 Venit
356 1623 453 1667 autem
471 1612 573 1669 socius
591 1611 678 1669 vobis
699 1613 743 1669 D.
759 1611 875 1670 Paulus
888 1612 1028 1685 Speratus
1038 1654 1049 1682 ‚
1070 1614 1102 1684 ⁸)
1122 1625 1243 1672 vocatus

120 1701 122 1705 ’
184 1684 255 1759 illuc
271 1704 447 1773 aMagistro
464 1719 581 1773 magno.
615 1703 703 1759 Hunc
720 1703 773 1759 tibi
792 1719 832 1759 ex
847 1703 945 1759 animo
963 1708 1172 1764 commendo:
1190 1710 1244 1779 dig.

182 1811 239 1850 nus
258 1795 303 1848 vir
321 1804 367 1848 est
385 1803 413 1848 ct
431 1795 522 1848 multa
539 1810 722 1866 perpessus,
740 1809 780 1848 ex
796 1810 857 1866 quo
870 1790 971 1849 a‘udies
984 1795 1108 1865 omnia,
1127 1799 1244 1870 quaein

182 1885 231 1941 his
256 1885 428 1955 regionibus
455 1895 588 1954 aguntur.
623 1884 708 1938 Satan
733 1884 887 1940 suscitavit
909 1884 996 1939 nobis
1021 1887 1200 1959 prophetas
1219 1897 1245 1944 et

184 1985 297 2044 sectas,
315 1975 366 2048 qui
383 1992 420 2029 eo
438 1960 556 2030 tandem
572 1975 757 2046 procedunt,
775 1984 807 2028 ut
824 1975 915 2030 armis
933 1985 963 2031 et
977 1974 1006 2029 vi
1021 1978 1121 2034 velint
1131 1990 1244 2036 tentare

184 2082 304 2122 suarum
327 2065 502 2137 opinionum
523 2065 755 2120 incrementum:
782 2081 852 2119 cum
873 2065 922 2120 his
947 2064 1036 2120 video
1058 2068 1156 2125 nobis
1181 2072 1245 2126 fore

183 2156 336 2226 negotium
354 2155 505 2225 deinceps.
539 2154 719 2210 Carlstadius
736 2171 857 2227 quoque
876 2155 923 2209 sui
940 2155 1046 2210 similis
1070 2168 1195 2230 manet,
1218 2171 1245 2215 et
1283 2148 1286 2155 ’

183 2243 239 2300 illis
257 2244 328 2316 ipsis
346 2247 435 2299 lavet.
469 2242 613 2298 Homines
635 2251 704 2298 sunt
725 2241 888 2298 incredibili
908 2244 1048 2313 jactantia
1075 2247 1115 2302 de
1140 2250 1245 2321 spiritu

184 2350 259 2402 suo,
276 2350 366 2406 quem
384 2349 423 2388 ex
444 2330 512 2387 Deo
530 2346 597 2387 sese
614 2332 726 2387 habere
744 2332 856 2402 lingunt
874 2335 1057 2403 immediate,
1077 2337 1174 2395 eriam
1186 2341 1244 2396 tere

183 2426 246 2480 sine
264 2424 403 2490 Christo,
429 2433 463 2476 ut
487 2422 641 2477 Christum
665 2422 751 2477 nobis
769 2424 941 2501 exemplum
958 2424 983 2489 ¹)
1000 2433 1120 2483 tantum
1138 2430 1244 2486 facturi

183 2511 355 2582 videantur,
373 2524 403 2569 et
420 2514 525 2569 tollere
543 2513 640 2567 omnia
657 2522 840 2568 sacramenta
857 2532 926 2570 oum
943 2515 1075 2572 christu.

252 2621 340 2676 Fama
362 2629 425 2688 est,
452 2620 599 2673 edendnm
624 2636 692 2675 esse
717 2621 847 2675 edictum
870 2622 990 2677 cmdete
1010 2623 1153 2682 Caesaris
1178 2638 1243 2683 anta

182 2709 335 2765 biennium
350 2709 535 2764 Wormatiae
553 2709 722 2780 decretum,
746 2721 779 2766 ut
795 2721 877 2766 secta
895 2712 947 2767 ista
964 2712 1139 2770 Lutherana
1159 2736 1243 2791 pror.

185 2816 237 2856 sus
263 2800 462 2869 extinguatur:
481 2797 526 2863 ”)
552 2808 581 2853 et
606 2810 737 2854 metuunt
762 2802 919 2856 nonnullae
945 2802 1078 2859 civitates
1107 2806 1241 2880 imperii:

184 2892 239 2948 sed
256 2891 392 2946 Christus
410 2891 500 2957 vivit,
519 2891 568 2960 qui
587 2901 616 2944 et
634 2891 733 2945 vincet
752 2903 780 2945 et
798 2891 1001 2963 triumphabit.

251 2998 407 3054 Caeterum
425 3013 494 3051 cum
512 2997 608 3068 primo
632 2997 774 3067 loquerer
791 2997 923 3069 Principi
942 3000 1067 3055 Alberto
1086 3000 1240 3074 Magistro

186 3100 244 3145 etc.
263 3099 291 3144 et
310 3088 358 3142 ille
376 3104 423 3141 me
441 3086 477 3140 de
495 3087 540 3139 sui
559 3086 670 3140 ordinis
687 3085 787 3153 regula
799 3088 989 3156 consuleret,
1007 3090 1105 3159 suasi,
1124 3105 1157 3148 ut
1171 3112 1242 3151 con.

184 3189 273 3235 temta
291 3179 346 3233 ista
363 3178 450 3233 stulta
469 3177 652 3247 confusaque
670 3177 770 3244 regula
786 3193 914 3232 uxorem
933 3178 1071 3248 duceret,
1098 3192 1129 3237 et
1146 3184 1242 3240 Prus.

186 3270 259 3324 siam
286 3268 433 3337 redigeret
459 3267 488 3320 in
515 3265 665 3335 politicam
690 3266 834 3334 formum,
866 3268 929 3321 sivc
947 3267 1148 3338 l'rincipatum
1177 3277 1240 3329 sive

185 3359 350 3415 Ducatum.
385 3357 469 3412 Idem
485 3355 577 3409 sensit
593 3364 622 3407 et
637 3355 728 3408 suasit
745 3364 815 3425 post
830 3372 878 3410 me
896 3354 1064 3430 Philippus.
1101 3361 1158 3417 Ille
1178 3374 1241 3418 tum

234 3554 255 3601 1)
269 3550 337 3598 bnt.
351 3550 496 3605 exemptum.

185 3661 411 3678 β-

233 3729 257 3781 *)
276 3727 326 3777 mir
338 3723 447 3773 tttcnntr
460 3724 560 3776 &ditur
572 3725 632 3776 ulii
651 3726 688 3773 brt
705 3727 786 3777 turber
799 3727 825 3773 itt
837 3726 914 3780 untur
928 3726 953 3774 tn
966 3726 1070 3780 <tudites
1083 3730 1203 3782 crassen.
1223 3733 1239 3784 t.

185 3801 258 3854 atttrf
268 3810 297 3847 tn
311 3801 429 3852 spatum
442 3808 495 3847 tunt
509 3801 536 3853 3.
546 3800 603 3847 152².
616 3799 659 3845 No.
668 3799 759 3845 Dva.
775 3811 798 3846 u.
811 3810 842 3846 on
856 3801 977 3851 &aeratus
989 3809 1042 3846 tom
1058 3804 1088 3850 td
1102 3803 1164 3855 uun.
1180 3809 1238 3853 ¹52³.

185 3874 231 3920 Νο.
245 3872 384 3918 ccccviii.
411 3874 446 3923 ur
463 3881 512 3918 aar
529 3872 578 3931 list
596 3872 649 3920 und
668 3872 774 3926 urrunsa
794 3882 923 3927 renonum.
942 3883 978 3920 nto
997 3884 1021 3920 tt
1038 3874 1070 3921 bn
1083 3875 1112 3927 St.
1127 3878 1185 3924 1553.
1200 3880 1238 3925 att

185 3945 368 4000 utnrtcnudtt
380 3946 475 3999 utlibet·
486 3947 550 3996 narb.
601 3948 637 3996 ⁸¹>
653 3947 675 3994 b.
689 3948 763 3995 tarint
775 3947 955 4000 destinantis
969 3949 1009 3995 tit
1024 3947 1150 4000 tuterunt
1164 3952 1238 4002 unilt

186 4019 230 4067 etti
243 4019 340 4073 baroti
353 4028 374 4065 u.
389 4020 442 4072 zat.
456 4021 477 4064 b.
490 4020 517 4072 3.
531 4021 585 4072 (brt
600 4018 679 4068 uldin
693 4018 744 4064 XV.
758 4020 834 4074 nuo).
