2574 4724
539 355 629 422 titt.
1071 364 1113 430 35

114 508 203 586 Quid
217 524 289 583 ergo
307 511 441 582 trepides
457 509 529 568 huic
543 516 705 570 sententiae
718 514 831 571 divinae
843 519 1010 573 concedere
1022 520 1111 575 etiam

48 602 200 659 edu-ersus
223 615 327 673 portas
352 604 459 659 interit
493 603 568 659 Nou
593 606 629 659 ita
651 604 742 660 habet
759 608 963 676 jurameutum
980 610 1109 664 liliorum

51 690 151 743 lsrael
167 692 273 744 lactum
291 689 474 745 Gibeonitis.
509 692 589 746 Nem
613 695 640 767 in
657 697 800 750 mandatis
820 697 986 765 habebant,
1010 711 1044 754 ut
1061 716 1111 769 pa.

53 796 121 833 cem
136 780 303 845 offerrent,
329 793 361 835 et
377 781 507 836 oblatam
523 783 726 852 admitterent,
751 795 814 837 tum
831 790 1000 855 proselytos
1028 790 1111 843 etad

51 870 136 922 ritum
161 885 254 923 suum
269 873 474 925 concedentes
497 871 681 941 colligerent.
715 876 801 944 Quae
827 877 926 929 omniu
949 877 978 929 in
997 875 1110 931 Gibeo.

51 960 111 1012 aitte
127 960 212 1013 iactu
225 972 314 1016 eunt:
332 960 402 1015 nibil
419 962 459 1015 ibi
476 972 581 1015 contra
597 961 767 1017 Dominum
784 965 892 1018 factum
909 976 973 1034 est,
990 977 1040 1019 aut
1052 968 1111 1036 spi.-

52 1051 151 1105 r'aibus
169 1051 292 1105 erroris
310 1050 544 1105 consulentibus.
578 1051 662 1107 Licet
679 1055 757 1107 enim
774 1053 804 1107 in
821 1055 964 1126 principio
976 1070 1111 1109 murmur

52 1150 162 1206 raserit,
188 1150 293 1193 tamen
310 1151 416 1210 postea
433 1140 716 1211 comprobaverunt·
993 1132 996 1137 ’

110 1230 181 1285 Huc
198 1230 300 1297 adde,
316 1230 397 1300 quod
418 1228 578 1285 coelibatus
595 1242 640 1285 est
655 1248 738 1286 mere
756 1232 875 1287 humani
892 1234 1011 1299 statuti,
1027 1234 1112 1304 quod

52 1318 140 1375 bomo
148 1356 161 1387 ,
176 1320 235 1393 qui
251 1319 372 1386 statuit,
390 1322 508 1376 solvere
524 1331 639 1391 potest:
657 1338 729 1390 ergo
746 1335 774 1374 et
792 1323 912 1393 quilibet
927 1322 1110 1378 Christianus

53 1420 153 1481 potest.
187 1408 286 1483 Quod
303 1410 390 1477 dico,
407 1412 431 1465 ei
448 1410 534 1465 etiarn
553 1428 569 1465 a
586 1411 777 1466 daemonibus
794 1424 933 1468 statutum
947 1430 1009 1467 non
1020 1424 1109 1481 esset,

52 1502 99 1555 ted
115 1516 173 1571 per
186 1500 307 1555 bonum
321 1500 484 1557 bominem.
518 1502 625 1555 'salem
641 1503 817 1556 sententiam
827 1502 888 1557 Dei
905 1502 941 1556 de
949 1502 1110 1558 monachis

55 1606 197 1645 eutnuou
212 1589 438 1654 babeam‚non
457 1602 504 1644 est
518 1600 617 1644 tutum
635 1592 712 1645 idem
731 1593 766 1646 de
779 1593 813 1645 iis
824 1606 965 1646 asserere.
999 1592 1109 1662 Neque
1176 1641 1177 1645 ,

55 1682 126 1736 eum
142 1697 203 1751 ego
229 1681 372 1735 auderem
388 1681 491 1751 sequi,
516 1696 607 1752 querc
629 1698 686 1734 nec
712 1682 793 1735 alteri
815 1682 990 1748 consulere,
1016 1692 1048 1736 ut
1063 1699 1111 1736 se.

11 1838 16 1851 .
58 1783 168 1844 quatur.
207 1771 328 1825 Utinam
355 1771 415 1825 hoc
437 1773 532 1825 lacere
554 1773 701 1842 possimus
714 1811 723 1838 ‚
746 1789 783 1827 ne
806 1773 932 1827 ulterius
952 1774 1110 1844 quisquam

55 1860 217 1917 toouucltus
235 1859 333 1925 lieret,
349 1869 397 1913 aut
414 1860 597 1915 iutra-annos
611 1862 639 1924 ²)
655 1860 783 1929 tragismi
802 1861 936 1921 resiliret.
969 1861 1111 1915 Scandala

10 1990 12 2003 .
58 1951 137 2005 etiam
153 1949 277 2004 vitanda
293 1960 382 2015 sunt,
399 1949 449 2002 ubi
466 1966 528 2005 uon
544 1959 590 2005 est
605 1950 757 2004 ruanileste
774 1951 924 2021 Scriptura
940 1941 995 2021 pro
1012 1949 1111 2017 nobis,

10 2038 13 2085 ἓ
60 2038 243 2111 quantumvis
260 2038 338 2092 licita
355 2050 433 2094 sunt.
900 2074 904 2082 ι

118 2130 215 2205 Quod
231 2129 322 2183 etiam
339 2129 469 2199 optimus
485 2130 530 2184 vir
543 2128 725 2184 Cerlstndius
743 2143 783 2182 etr
798 2128 892 2184 Paulo
904 2129 994 2183 citat:
1010 2129 1111 2187 viduae

10 2216 15 2305 ᾗ
59 2222 184 2291 iuniores
199 2222 430 2288 vitandaeeese,
448 2231 478 2275 et
493 2221 712 2290 sexagenariam
730 2220 891 2288 eligendam
908 2234 984 2287 esee,
1000 2220 1112 2275 utinam
1151 2262 1154 2268 .

63 2312 257 2367 concluderet.
293 2309 390 2366 Facile
406 2312 485 2365 enim
502 2310 604 2382 aliquis
622 2312 722 2374 dicet,
740 2311 920 2381 Apostolum
937 2309 998 2364 boc
1015 2309 1051 2363 de
1069 2311 1113 2364 lu.

63 2402 127 2457 tun's
141 2402 300 2466 statuisse,
317 2416 385 2453 curn
403 2400 439 2453 de
456 2402 619 2470 praeteritis
636 2400 754 2454 deliniat
766 2401 925 2465 damnum,
943 2401 1009 2473 quia
1021 2400 1111 2455 iidem

66 2491 182 2560 priorem
199 2491 315 2545 irritam
332 2490 469 2544 iecerint:
496 2500 583 2561 atque
601 2488 645 2544 sic
662 2491 743 2544 elusa
761 2491 902 2545 autoritas
920 2491 966 2545 illa
983 2491 1112 2546 nouerit

67 2579 144 2636 fidelis
168 2592 253 2652 petra
272 2580 526 2635 conscientiarum.
561 2581 643 2634 liene
662 2583 739 2634 enim
758 2581 935 2651 (quaerimus.
969 2581 1038 2634 dam
1056 2583 1110 2636 ista

68 2674 146 2739 ratio,
162 2672 244 2744 quod
264 2671 369 2725 melius
386 2681 432 2724 est
447 2671 559 2725 nubere
577 2687 664 2741 quam
684 2672 744 2735 uri,
762 2687 816 2724 seu
833 2683 864 2725 ut
881 2682 1032 2742 peccatum
1051 2674 1109 2726 sor.

69 2761 208 2816 nicationis
225 2764 350 2826 vitetur,
367 2760 583 2815 matrimonium
599 2761 627 2813 in
645 2771 767 2830 peccato
792 2761 857 2814 lidei
877 2762 984 2815 fractae
999 2764 1108 2829 ineunt,

70 2851 128 2917 quid
144 2864 187 2906 est
203 2851 260 2905 nisi
277 2851 376 2904 ratio?
415 2851 591 2920 Scripturam
613 2849 782 2920 quaerimus
807 2860 836 2904 et
853 2852 1051 2906 testimonium
1069 2853 1130 2905 di.-

70 2942 141 2994 rinae
158 2941 333 2995 voluntatis:
352 2943 414 3012 quis
433 2942 502 3006 scit,
521 2943 545 2995 si
563 2956 627 2995 cras
645 2951 763 3007 uratur,
781 2943 829 3012 qui
846 2941 934 2996 hodie
952 2943 1065 2995 uriturt
1099 2951 1105 2960 ⁴

122 3031 201 3086 Nam
218 3048 274 3101 ego
290 3049 346 3085 nec
363 3032 565 3086 sacerdotibus
590 3034 761 3100 conjugium
778 3033 907 3086 dederim
924 3043 1043 3102 propter
1061 3048 1110 3087 so.

72 3119 117 3174 latu
131 3123 301 3188 ustionem,
329 3122 383 3176 nisi
403 3121 508 3176 Paulus
526 3117 755 3191 prohibitionem
774 3139 928 3176 erroneam
946 3133 974 3175 et
991 3124 1108 3176 daemo.

72 3210 167 3265 mecam
184 3223 214 3265 et
229 3211 443 3282 hypocriticam
460 3224 489 3264 et
506 3211 576 3264 Deo
593 3211 758 3264 damnatam
775 3222 913 3270 vocaret.
931 3220 964 3263 ut
980 3213 1025 3263 vel
1045 3213 1108 3265 sine

28 3304 36 3375 t
72 3303 172 3356 neuone
203 3310 288 3371 cogat
305 3302 394 3355 istum
420 3301 592 3354 caelibatum
621 3301 661 3354 ob
684 3301 775 3354 solius
792 3301 852 3355 Dei
869 3300 1008 3355 timorem
1026 3302 1109 3354 dese.

30 3378 35 3397 '
73 3405 140 3443 rere:
164 3404 263 3445 tamen
281 3392 309 3444 in
321 3389 373 3447 his
392 3390 486 3442 adbuc
509 3390 578 3443 utile
596 3390 681 3442 luerit
698 3390 782 3442 latius
800 3390 957 3459 disputare.
992 3390 1109 3445 Vellem

37 3534 40 3541 ,
72 3479 135 3532 enirn
151 3493 180 3534 et
195 3496 252 3551 ego
269 3478 424 3535 nronacbis
443 3491 471 3531 et
487 3477 661 3531 monialibus
679 3494 867 3542 succurrere,
896 3489 926 3532 ut
942 3478 1012 3533 nihil
1032 3481 1109 3534 aliud

37 3586 40 3593 ·
71 3582 157 3640 atque.
191 3572 278 3625 lldeo
294 3586 343 3624 me
360 3569 482 3623 miseret
498 3568 880 3632 miserabiliumlmminum,
898 3569 1107 3639 pollutionibus

37 3692 40 3697 -
70 3671 91 3711 tt
107 3660 272 3716 uredinibus
286 3671 462 3714 vexatorum
480 3657 506 3724 2)
519 3659 663 3727 juvenum
682 3668 710 3711 et
727 3657 901 3728 puellarum.

119 3752 168 3806 Dc
194 3766 317 3821 utraque
343 3751 442 3819 specie
466 3744 666 3802 Eucharistiae
691 3765 751 3800 non
776 3764 867 3816 arguo
891 3747 927 3802 ab
950 3749 1107 3822 exemplo,

68 3840 108 3893 ted
126 3860 139 3893 a
154 3842 245 3895 verbu
259 3840 380 3894 Christi.
416 3838 499 3892 Nihil
516 3839 593 3890 enim
611 3837 703 3905 arguit
720 3837 796 3902 illos,
814 3852 901 3891 unam
919 3841 1106 3910 accipientes,

106 4034 125 4074 tt
141 4030 184 4075 ltnr
199 4028 279 4076 utente
293 4030 334 4079 titt
348 4030 403 4069 ,tur
413 4024 440 4068 tt
459 4022 565 4089 trirprta.
603 4025 624 4079 2)
639 4022 734 4067 sitris.
750 4024 887 4068 tarataram
