2574 4724
587 297 675 361 1522,
1092 284 1153 360 lli

110 445 303 519 ,2qu
522 480 526 489 .
579 538 586 559 ‚
776 478 791 513 -,
812 450 1118 508 mu-cccoxnm,

466 599 514 679 un
536 572 626 682 'stl-
648 599 807 681 eus-ar„
1142 574 1148 584 ⁸

153 754 178 802 ι’.
190 752 320 807 attitulat
333 755 360 808 ᾔ.
374 755 541 804 stitutum
553 757 597 805 tul
610 759 659 805 lem
672 756 772 812 sirleti
790 757 834 806 ule
846 757 976 815 illatrant
987 759 1029 806 ten
1042 746 1151 814 sculteti

105 825 244 878 measse·
256 829 297 874 tert
314 826 415 880 ls'tlrle
433 829 684 883 »aeternaitatem
701 831 810 884 arctat
827 831 924 882 maara.
950 833 985 882 st
1003 831 1097 886 tttnttut
1113 832 1149 878 tle

104 898 252 955 samuele
264 901 328 948 eluet
341 902 538 953 &inclaruerat
547 914 577 950 uu
595 904 630 951 tte
642 906 753 958 &sluttra
765 905 891 955 &metuet
907 913 951 955 aur
968 908 1015 952 uut
1032 904 1150 957 ruuittlt

104 974 146 1021 tul
159 976 230 1023 tetta
242 975 478 1033 ltlssmr'ltrlttuttr
492 976 599 1033 cSitellttr
612 979 640 1031 8.
654 979 707 1029 tall.
1028 995 1034 1007 ·

542 1092 696 1133 λ..η-...ὲκ

235 1209 287 1261 aaa
300 1209 461 1256 antitanes
474 1184 550 1261 nfra
575 1212 898 1266 pertranseuntem.
913 1215 973 1268 unu.
988 1213 1025 1261 cr.

127 1341 251 1395 loanni
269 1341 402 1415 Lanqo,
422 1343 580 1416 Theoloqo
598 1352 627 1398 et
643 1345 871 1419 Eranqellttae
886 1343 1113 1415 Erfurdiensis

535 1434 707 1489 Ecclesiae.

100 1541 248 1640 Salutem.
283 1586 446 1656 Egressum
468 1599 552 1644 tuum
570 1607 586 1644 e
603 1591 783 1661 monasterio
809 1591 878 1645 satie
896 1591 986 1645 credo
1004 1607 1063 1644 non
1081 1590 1145 1644 sine

98 1692 184 1730 causa
202 1677 309 1743 luisse,
334 1694 500 1748 quanquam
518 1672 634 1733 nnllam
651 1693 678 1734 te
692 1680 788 1734 causis
805 1680 941 1734 omuibus
959 1679 1145 1749 superiorem

98 1765 205 1821 luisse:
222 1768 376 1847 nonfquod
385 1769 520 1822 damnem
535 1768 698 1824 libertatem
715 1770 859 1839 exeundi,
875 1771 929 1825 aed
944 1771 1024 1840 quod
1042 1770 1145 1825 adver.

98 1855 181 1912 sariie
197 1855 417 1927 blasphemandi
434 1858 621 1913 occasionem
644 1859 791 1913 voluerim
807 1870 1001 1930 amputatam,
1019 1874 1145 1929 quomo-r

98 1947 138 2000 do
163 1956 192 2000 et
215 1945 329 2001 Paulus
359 1948 617 2016 pseudoapostolis
646 1949 802 2016 amputavit
832 1946 1038 2013 occasionem,
1071 1949 1146 2000 dum

97 2034 281 2106 Euangeliou
297 2036 359 2089 sine
385 2037 413 2090 S.
431 2035 460 2102 ')
479 2036 608 2091 Achaiae
625 2037 806 2107 praedicaret
822 2034 990 2106 posthabito
1001 2034 1085 2104 jure,
1110 2032 1144 2088 lii

97 2126 192 2178 centia
217 2135 247 2179 et
271 2134 417 2196 potestate
442 2125 611 2196 apostolica.
645 2125 700 2178 Sed
727 2142 805 2180 nunc
831 2142 863 2179 ea
886 2142 954 2179 sero
980 2136 1009 2179 et
1034 2125 1142 2179 frustra

96 2213 213 2269 moliar.
241 2212 269 2269 si
281 2224 410 2285 tempus,
420 2213 536 2269 dubitur
549 2213 671 2285 epistola
684 2214 721 2269 ad
733 2213 953 2291 Erfurdienseru
965 2211 1143 2283 Ecclesiam,

98 2286 265 2373 quanquam
287 2303 373 2357 video
400 2293 430 2357 et
453 2288 509 2358 uos
535 2314 564 2359 et
580 2316 703 2359 nostros
725 2304 854 2357 crevisse
878 2303 907 2356 in
923 2302 1042 2356 scientia
1058 2303 1143 2357 verbi

99 2408 188 2463 supra
204 2408 372 2463 mensurum
389 2409 500 2461 meam,
518 2401 545 2446 et
558 2393 687 2463 undique
704 2392 816 2463 impleri
833 2392 916 2449 illud:
933 2391 1143 2464 oportelillos
1212 2400 1215 2417 ¹

95 2497 249 2549 crescere,
276 2494 326 2534 me
351 2487 456 2534 aretem
479 2479 588 2534 minui.
606 2480 721 2534 ⁴'Virtus
747 2489 844 2535 autem
868 2479 952 2534 verbi
980 2466 1026 2535 uel
1045 2479 1144 2536 adhuc

94 2571 177 2635 latet,
195 2573 240 2626 vel
258 2572 343 2624 nimis
361 2572 476 2624 modica
494 2582 538 2624 est
556 2575 583 2624 in
601 2571 737 2623 omnibus
755 2570 861 2634 nobis,
878 2571 957 2640 quod
974 2571 1066 2625 miror
1081 2572 1143 2639 val,

94 2661 141 2712 ilc.
176 2661 283 2713 Sumus
300 2665 376 2713 enim
394 2661 481 2713 iidem
497 2661 545 2730 qni
558 2672 657 2727 antea,
677 2661 758 2727 dauri,
777 2660 928 2727 insensati,
947 2659 1143 2730 impatientes,

92 2750 259 2816 terraerarii,
275 2749 362 2815 ebrii,
386 2750 504 2813 lascivi,
529 2750 718 2804 contentiosi:
736 2765 850 2802 summu
860 2789 869 2817 ,
887 2749 1054 2819 symbolum
1071 2750 1142 2818 illud

92 2853 120 2892 et
139 2840 256 2906 insignis
275 2838 511 2893 Christianorum
528 2837 656 2892 charitas
675 2854 819 2909 nusquam
837 2839 952 2908 prodit,
981 2849 1008 2892 et
1026 2839 1055 2892 lit
1072 2830 1156 2893 illuti-

89 2930 189 2986 Pauli:
208 2944 341 3000 regnum
359 2928 423 2981 Dei
438 2925 587 2981 habemus
604 2927 638 2980 in
656 2944 814 2995 sermone,
831 2939 895 2981 nort
913 2928 946 2981 in
964 2928 1090 2984 zrirtrrle.

155 3028 202 3080 Ari
227 3044 283 3082 vos
309 3028 409 3080 venire
434 3044 494 3079 nou
518 3027 599 3093 licet,
624 3041 720 3096 neque
746 3027 823 3078 enim
842 3026 941 3079 Deum
968 3035 1078 3078 tentare
1097 3025 1140 3078 las

90 3126 150 3181 est,
169 3128 198 3171 ct
215 3116 341 3186 pericula
360 3132 502 3185 quaerere
516 3116 609 3180 ultro,
633 3131 700 3166 eum
717 3113 768 3166 hic
783 3113 852 3167 sutis
870 3114 1071 3184 periculorum
1088 3130 1140 3168 ex.

88 3208 278 3276 spectandum
295 3206 333 3258 sit
352 3205 440 3269 atriti,
457 3206 506 3274 qui
526 3204 616 3273 papuli
634 3213 663 3257 et
680 3203 820 3273 imperiali
838 3202 1021 3256 anathemate
1039 3203 1141 3270 exelu.

88 3312 158 3361 sus,
177 3311 297 3364 prorsus
316 3295 454 3348 omuibus
473 3310 539 3347 satan
552 3294 586 3346 nri
605 3293 723 3346 caedem
742 3293 914 3361 expositus,
932 3295 1011 3345 nullo
1029 3294 1140 3362 praesia

86 3386 137 3438 dio
156 3396 251 3451 tutus,
278 3385 333 3438 nisi
357 3384 489 3438 coelesti.
525 3383 617 3436 Video
637 3381 803 3435 inonachus
822 3392 942 3434 nostros
958 3384 1067 3435 multos
1085 3398 1139 3436 ex.

85 3476 129 3528 irc
149 3474 224 3526 nulla
240 3490 330 3526 causa
346 3474 416 3538 alia,
434 3488 522 3542 quam
540 3488 595 3542 qua
614 3472 806 3535 intraverant,
823 3469 884 3522 hoc
902 3481 965 3534 est,
981 3471 1092 3525 ventris
1109 3483 1139 3526 et

84 3564 228 3616 libertatis
246 3563 367 3615 carnalis
394 3564 500 3630 gratia,
528 3577 582 3631 per
600 3576 676 3628 quos
703 3558 819 3612 Satarms
836 3576 975 3627 inagnum
993 3561 1138 3615 foetorem

83 3654 112 3706 in
133 3655 224 3706 nostri
243 3652 323 3705 verbi
351 3653 474 3705 odorem
501 3650 613 3703 bunum
631 3649 778 3703 excitabit.
813 3649 869 3701 Sed
888 3649 955 3718 quid
976 3651 1138 3704 faciainus?

82 3742 170 3795 otiosi
189 3741 327 3795 homines
340 3751 426 3806 sunt,
444 3752 471 3793 ct
489 3756 539 3792 sua
554 3747 715 3808 (latitarunt,
733 3749 764 3791 ut
782 3738 886 3792 melius
901 3741 955 3807 sit,
975 3754 1026 3794 eus
1044 3751 1137 3808 extra,

59 3964 67 3977 ·
135 3962 157 4008 *J
172 3956 272 4001 Salariu.
