2574 4724
602 349 693 417 trra
748 324 751 328 ‘
1109 343 1170 412 us

114 504 235 572 ilicum,
261 505 288 560 id
313 506 394 578 quod
417 506 488 562 mihi
513 507 541 561 in
569 507 700 563 Fabricio
726 504 754 572 ⁴)
779 505 896 575 egregie
919 504 1059 576 displicet.
1101 501 1170 572 Ego

116 596 256 650 volebam
275 597 410 666 impietati
429 596 515 651 linem
535 596 614 664 lieri,
639 608 667 651 et
683 597 784 651 rhetor
800 597 846 650 ille
863 597 919 665 agit
936 610 1053 649 causam
1070 592 1171 664 impied

115 687 203 754 tatis,
229 688 298 739 durn
318 687 500 757 Episcopum
525 688 613 741 docet
630 686 792 758 personalia
815 697 933 756 peccata
959 683 1111 750 confiteri,
1126 699 1172 739 -ιο

117 777 162 829 sic
186 775 318 831 Luthcro
343 777 435 831 credit
452 776 526 832 belle
551 777 732 848 impositum.
765 775 955 846 Temperabo
973 773 1107 840 etmihi,
1132 789 1171 828 ns

115 864 272 921 hominem
290 867 391 938 primis
407 868 498 920 literis
517 882 572 922 suo
597 868 701 920 merito
722 877 859 922 tractem:
883 865 1037 921 ostendam
1054 874 1176 932 autern,

117 965 151 1009 ut
168 957 242 1009 sciat
258 958 389 1027 spiritum
407 973 472 1011 esse
490 957 519 1010 in
536 957 656 1012 naribus
678 956 817 1012 bominis.

130 1082 133 1087 -
184 1045 279 1099 Venio
304 1049 340 1099 ad
361 1046 542 1119 prophetas,
564 1047 742 1117 scprirnum
765 1063 825 1101 non
849 1043 948 1117 probo
963 1053 1042 1100 tuam
1067 1045 1172 1102 timidi.

115 1144 227 1203 tatem,
252 1150 322 1189 cum
345 1148 374 1189 et
390 1137 491 1205 majori
517 1146 577 1191 tam
600 1136 720 1207 spiritu,
746 1135 1019 1208 quamterutlitione
1041 1126 1191 1205 polleas,'

117 1241 208 1295 quam
233 1241 298 1294 ego.
336 1228 382 1279 Ac
397 1227 544 1296 primum,
570 1241 639 1280 cum
664 1225 865 1280 testimonium
890 1224 1064 1296 perhibeant
1080 1225 1116 1278 de
1138 1240 1172 1281 so

116 1315 209 1386 ipsis,
228 1332 289 1370 non
307 1316 402 1369 statim
426 1317 558 1371 audiendi
577 1327 663 1384 sunt,
688 1317 743 1371 Sed
756 1317 842 1386 juxta
860 1314 1015 1371 consilium
1033 1315 1171 1383 loannis,

118 1404 239 1474 spiritus
267 1404 420 1473 probandi.
464 1404 580 1461 Habetis
614 1405 769 1460 consilium
802 1405 972 1461 Gamalielis
1005 1404 1177 1459 differendi:

117 1494 191 1549 aihu
216 1493 296 1548 euim
314 1494 411 1548 adhuc
428 1496 514 1549 audio
531 1495 567 1546 ab
584 1495 627 1550 eis
654 1495 711 1551 dici
728 1507 755 1550 et
773 1494 848 1580 lieri,
875 1496 957 1567 quod
974 1495 1092 1550 Satanas
1110 1509 1177 1549 uon

121 1575 213 1677 queqt
230 1594 378 1653 praestare
394 1585 440 1637 vel
450 1584 601 1639 aemttlari
633 1583 684 1638 Tu
700 1594 796 1638 autem
810 1600 848 1646 ex
863 1600 927 1638 inca
945 1595 1026 1654 parte
1042 1584 1103 1638 boc
1117 1597 1172 1639 ett-

120 1653 241 1744 plores,
268 1690 304 1728 au
329 1674 513 1729 vocationem
538 1691 621 1728 suam
648 1675 762 1745 possint
789 1673 924 1757 probare.
959 1675 1068 1745 Neque
1094 1675 1172 1729 enim

120 1761 210 1817 Deus
228 1777 357 1832 unquam
375 1764 500 1833 aliquem
516 1765 612 1829 misit,
638 1763 695 1817 nisi
710 1764 757 1817 vel
774 1779 828 1833 per
848 1763 999 1817 hominem
1017 1773 1172 1831 vocatum,

121 1852 170 1906 vel
189 1868 243 1922 per
259 1852 338 1919 signa
356 1852 554 1918 declaratum,
570 1871 607 1907 ne
620 1855 716 1924 ipsum
733 1854 849 1924 quidem
862 1853 971 1908 Filium.
1004 1851 1179 1925 Prophetae·

122 1941 195 1995 olim
212 1956 251 1994 cx
270 1941 333 2010 lege
351 1951 381 1994 et
393 1942 494 1995 ordine
507 1941 671 2012 prophetali
681 1944 731 2012 jus
741 1941 902 2008 habebant,
918 1942 993 1996 sicut
1008 1958 1063 1996 nos
1080 1943 1173 1998 modo

121 2046 177 2101 per
192 2028 353 2086 tramites·
375 2031 504 2085 Prorsus
515 2030 584 2085 nolo
597 2047 649 2086 eos
660 2032 766 2101 recipi,
784 2033 807 2086 si
825 2031 903 2086 nuda
912 2032 1089 2087 revelatione
1105 2046 1173 2088 sese

122 2130 247 2174 vocatos
264 2120 417 2183 adserunt,
435 2137 504 2173 cum
517 2137 572 2173 nec
581 2121 743 2175 Samuelem
756 2121 874 2191 quidem
891 2122 979 2177 vellet
989 2121 1071 2192 loqui
1084 2109 1173 2178 Deus

122 2210 180 2265 nisi
196 2226 250 2281 per
265 2211 450 2263 autoritatem
468 2210 619 2264 consciam
637 2209 712 2264 Heli.
746 2210 812 2266 Hoc
828 2212 957 2282 primum
973 2213 1009 2267 ad
1026 2211 1173 2283 publicem

122 2298 248 2355 docendi
265 2295 444 2353 functionem
463 2300 595 2368 pertinet.

189 2389 260 2443 Jam
277 2403 350 2442 vero
368 2391 510 2459 privatum
529 2389 660 2460 spiritum
678 2389 818 2460 explores
835 2389 932 2456 etiam,
949 2405 1083 2462 quaeras,
1099 2407 1172 2446 num

123 2480 241 2549 experti
267 2479 325 2533 siut
349 2479 511 2548 spirituales
535 2480 596 2534 ilias
619 2481 767 2547 angustias
792 2492 822 2534 et
854 2480 1014 2535 nativitates
1043 2480 1172 2553 divinas,

123 2584 253 2635 utorteS,
280 2571 477 2639 infernosque.
512 2572 539 2622 Si
568 2571 693 2623 audieris
720 2570 842 2637 blanda,
867 2571 1036 2642 tranquilla,
1067 2573 1174 2626 devota

124 2664 173 2728 (ut
189 2667 312 2717 vocant)
331 2671 358 2712 et
375 2660 527 2726 religiosa,
545 2660 657 2712 etiamsi
676 2661 703 2712 in
720 2660 838 2714 tertium
856 2664 971 2714 coelum
990 2680 1055 2716 sese
1075 2677 1174 2731 raptos

124 2751 240 2814 dicant,
267 2767 326 2804 non
345 2749 527 2819 approbabis.
563 2749 640 2821 Quia
658 2751 771 2816 signum
790 2750 837 2803 lilii
854 2749 982 2805 hominis
1000 2752 1099 2816 deest,
1124 2753 1173 2821 qui

124 2851 170 2894 est
188 2839 316 2905 ssdaavog,
336 2841 475 2909 probator
486 2839 587 2892 unicus
600 2839 850 2906 Christianorum,
869 2856 896 2894 et
907 2853 1005 2894 certus
1020 2842 1175 2910 spirituum

124 2932 281 2985 discretor.
316 2931 365 2983 vis
391 2934 464 2984 scire
488 2932 605 2996 locum,
641 2941 773 2997 ιιιιηιιιε,
807 2932 928 2984 modum
954 2931 1175 3000 colloquiorum

124 3021 316 3074 divinorum?
343 3022 420 3074 audi:
448 3021 529 3073 sicut
551 3020 598 3073 leo
616 3021 765 3073 contrivit
782 3021 890 3073 omnia
913 3037 986 3073 ossa
1013 3039 1100 3088 inea,
1131 3033 1174 3077 et:

121 3113 287 3184 projectus
300 3126 369 3163 sum
382 3108 500 3179 usuris
512 3111 676 3163 oculorum
688 3117 826 3176 tuorum,
845 3123 886 3162 et:
908 3110 1030 3181 repleta
1047 3118 1093 3163 est
1104 3129 1175 3163 ma=

123 3202 169 3257 lis
186 3201 296 3254 anima
313 3218 398 3266 ineu,
416 3208 444 3252 et
462 3201 525 3253 uita
543 3217 613 3252 inea
630 3199 758 3268 inferno
787 3201 1066 3275 appropinquavit.
1103 3202 1174 3258 Non

124 3293 172 3346 sic
191 3293 315 3359 loquitur
334 3289 477 3357 Majestus
496 3292 539 3346 t‘ut
556 3288 680 3351 vocant)
698 3291 880 3354 immediate,
906 3300 936 3344 ut
952 3291 1045 3344 homo
1062 3292 1175 3362 videat,

124 3382 201 3446 ium,
217 3362 286 3433 non.
298 3377 409 3432 uidebit
426 3397 473 3430 me
490 3378 598 3445 horno,
621 3385 650 3430 et
667 3379 752 3432 viret.
787 3379 827 3432 Et
844 3379 957 3434 stellam
976 3398 1093 3449 parvam
1112 3399 1176 3436 ser.

123 3472 224 3526 monis
242 3471 304 3537 rjus
322 3487 382 3522 nou
400 3471 453 3522 fert
472 3482 580 3521 natura.
618 3468 689 3521 Ideo
709 3468 786 3521 enim
804 3486 858 3539 per
874 3469 1011 3524 homines
1030 3471 1180 3542 loquitur,·

123 3561 208 3631 quod
234 3559 402 3628 loquentem
430 3559 524 3627 ipsum
550 3559 624 3610 ferre
641 3574 745 3610 ornnes
763 3575 821 3611 uon
845 3574 1011 3629 possumus.
1047 3561 1125 3614 Nam
1143 3573 1180 3618 ct'

121 3650 269 3718 virginem
282 3648 405 3701 turbavit
417 3647 550 3712 angelus,
567 3648 609 3699 sic
626 3658 655 3700 et
666 3646 819 3700 Danielem
832 3687 841 3714 ,
858 3649 902 3702 sic
912 3661 940 3720 et
954 3649 1091 3705 ieremias
1104 3669 1176 3720 que.

122 3740 217 3797 titur:
242 3738 367 3808 corripe
384 3755 431 3788 me
448 3736 634 3803 injudicio,
660 3743 688 3788 et
704 3752 769 3789 non
786 3737 831 3790 sis
848 3745 882 3803 tu
899 3737 1177 3809 rrrilrisormidini.·

178 3967 202 4072 ζα)
222 3961 313 4008 bantra.
335 3934 417 4011 bitin
431 3959 511 4009 {dirici
525 3960 623 4007 airitlidt
638 3961 777 4011 statuturo
796 3963 842 4009 urit
855 3962 914 4056 tlttli
929 3963 977 4015 litut
990 3964 1031 4012 itu
1046 3968 1176 4024 &stillabat

122 4038 155 4082 iu
174 4039 181 4077 t
200 4036 273 4074 ιιιιιιι.
