<?xml version="1.0" encoding="UTF-8"?>
<!DOCTYPE html PUBLIC "-//W3C//DTD XHTML 1.0 Transitional//EN"
    "http://www.w3.org/TR/xhtml1/DTD/xhtml1-transitional.dtd">
<html xmlns="http://www.w3.org/1999/xhtml" xml:lang="en" lang="en">
 <head>
  <title>
</title>
<meta http-equiv="Content-Type" content="text/html;charset=utf-8" />
  <meta name='ocr-system' content='tesseract 3.04.00' />
  <meta name='ocr-capabilities' content='ocr_page ocr_carea ocr_par ocr_line ocrx_word'/>
</head>
<body>
  <div class='ocr_page' id='page_1' title='image "./briefesendschre03luthgoog/briefesendschre03luthgoog_0263.png"; bbox 0 0 2574 4724; ppageno 0'>
   <div class='ocr_carea' id='block_1_1' title="bbox 561 314 1126 384">
    <p class='ocr_par' dir='ltr' id='par_1_1' title="bbox 561 314 1126 384">
     <span class='ocr_line' id='line_1_1' title="bbox 561 314 1126 384; baseline 0.007 -6"><span class='ocrx_word' id='word_1_1' title='bbox 561 317 653 380; x_wconf 73' lang='lat'><strong>1522.</strong></span> <span class='ocrx_word' id='word_1_2' title='bbox 1065 314 1126 384; x_wconf 75' lang='lat'><strong>²39</strong></span> 
     </span>
    </p>
   </div>
   <div class='ocr_carea' id='block_1_2' title="bbox 84 464 1128 4047">
    <p class='ocr_par' dir='ltr' id='par_1_2' title="bbox 84 464 1128 4047">
     <span class='ocr_line' id='line_1_2' title="bbox 85 464 1125 543; baseline -0.004 -17"><span class='ocrx_word' id='word_1_3' title='bbox 85 464 246 526; x_wconf 71' lang='lat' dir='ltr'><strong>anadenes</strong></span> <span class='ocrx_word' id='word_1_4' title='bbox 264 468 339 539; x_wconf 91' lang='lat' dir='ltr'><strong>edo,</strong></span> <span class='ocrx_word' id='word_1_5' title='bbox 360 479 390 524; x_wconf 93' lang='lat' dir='ltr'><strong>et</strong></span> <span class='ocrx_word' id='word_1_6' title='bbox 406 481 435 526; x_wconf 85' lang='lat' dir='ltr'><strong>te</strong></span> <span class='ocrx_word' id='word_1_7' title='bbox 453 471 551 542; x_wconf 89' lang='lat' dir='ltr'><strong>ipsum</strong></span> <span class='ocrx_word' id='word_1_8' title='bbox 568 472 604 526; x_wconf 91' lang='lat' dir='ltr'><strong>ad</strong></span> <span class='ocrx_word' id='word_1_9' title='bbox 619 483 649 527; x_wconf 91' lang='lat' dir='ltr'><strong>te</strong></span> <span class='ocrx_word' id='word_1_10' title='bbox 666 471 763 528; x_wconf 67' lang='lat' dir='ltr'><strong>mitto.</strong></span> <span class='ocrx_word' id='word_1_11' title='bbox 796 471 826 527; x_wconf 89' lang='lat' dir='ltr'><strong>Si</strong></span> <span class='ocrx_word' id='word_1_12' title='bbox 842 470 895 527; x_wconf 88' lang='lat' dir='ltr'><strong>tibi</strong></span> <span class='ocrx_word' id='word_1_13' title='bbox 912 469 968 542; x_wconf 85' lang='lat' dir='ltr'><strong>ipsi</strong></span> <span class='ocrx_word' id='word_1_14' title='bbox 985 487 1046 526; x_wconf 90' lang='lat' dir='ltr'><strong>non</strong></span> <span class='ocrx_word' id='word_1_15' title='bbox 1063 472 1125 543; x_wconf 85' lang='lat' dir='ltr'><strong>pla.</strong></span> 
     </span>
     <span class='ocr_line' id='line_1_3' title="bbox 85 560 1124 632; baseline 0 -18"><span class='ocrx_word' id='word_1_16' title='bbox 85 561 149 628; x_wconf 81' lang='lat' dir='ltr'><strong>res,</strong></span> <span class='ocrx_word' id='word_1_17' title='bbox 171 571 255 614; x_wconf 85' lang='lat' dir='ltr'><strong>recte</strong></span> <span class='ocrx_word' id='word_1_18' title='bbox 271 560 360 627; x_wconf 81' lang='lat' dir='ltr'><strong>sacis,</strong></span> <span class='ocrx_word' id='word_1_19' title='bbox 387 561 458 615; x_wconf 88' lang='lat' dir='ltr'><strong>satis</strong></span> <span class='ocrx_word' id='word_1_20' title='bbox 476 572 537 629; x_wconf 86' lang='lat' dir='ltr'><strong>est,</strong></span> <span class='ocrx_word' id='word_1_21' title='bbox 556 562 625 615; x_wconf 88' lang='lat' dir='ltr'><strong>dum</strong></span> <span class='ocrx_word' id='word_1_22' title='bbox 640 562 728 616; x_wconf 90' lang='lat' dir='ltr'><strong>nobis</strong></span> <span class='ocrx_word' id='word_1_23' title='bbox 746 562 874 632; x_wconf 75' lang='lat' dir='ltr'><strong>placeas.</strong></span> <span class='ocrx_word' id='word_1_24' title='bbox 907 560 958 616; x_wconf 83' lang='lat' dir='ltr'><strong>Ex</strong></span> <span class='ocrx_word' id='word_1_25' title='bbox 973 570 1023 615; x_wconf 87' lang='lat' dir='ltr'><strong>tua</strong></span> <span class='ocrx_word' id='word_1_26' title='bbox 1040 569 1124 631; x_wconf 86' lang='lat' dir='ltr'><strong>parte</strong></span> 
     </span>
     <span class='ocr_line' id='line_1_4' title="bbox 85 651 1124 723; baseline 0 -19"><span class='ocrx_word' id='word_1_27' title='bbox 85 662 237 721; x_wconf 84' lang='lat' dir='ltr'><strong>peccatum</strong></span> <span class='ocrx_word' id='word_1_28' title='bbox 253 662 318 717; x_wconf 90' lang='lat' dir='ltr'><strong>est,</strong></span> <span class='ocrx_word' id='word_1_29' title='bbox 335 651 359 705; x_wconf 92' lang='lat' dir='ltr'><strong>si</strong></span> <span class='ocrx_word' id='word_1_30' title='bbox 377 652 446 722; x_wconf 88' lang='lat' dir='ltr'><strong>quid</strong></span> <span class='ocrx_word' id='word_1_31' title='bbox 464 651 513 706; x_wconf 91' lang='lat' dir='ltr'><strong>hio</strong></span> <span class='ocrx_word' id='word_1_32' title='bbox 531 664 688 722; x_wconf 85' lang='lat' dir='ltr'><strong>peccatum</strong></span> <span class='ocrx_word' id='word_1_33' title='bbox 705 663 765 713; x_wconf 80' lang='lat' dir='ltr'><strong>est:</strong></span> <span class='ocrx_word' id='word_1_34' title='bbox 785 669 839 706; x_wconf 90' lang='lat' dir='ltr'><strong>cur</strong></span> <span class='ocrx_word' id='word_1_35' title='bbox 854 669 917 708; x_wconf 90' lang='lat' dir='ltr'><strong>non</strong></span> <span class='ocrx_word' id='word_1_36' title='bbox 931 663 964 707; x_wconf 90' lang='lat' dir='ltr'><strong>tu</strong></span> <span class='ocrx_word' id='word_1_37' title='bbox 981 652 1044 723; x_wconf 87' lang='lat' dir='ltr'><strong>ipse</strong></span> <span class='ocrx_word' id='word_1_38' title='bbox 1063 651 1124 706; x_wconf 91' lang='lat' dir='ltr'><strong>edi.</strong></span> 
     </span>
     <span class='ocr_line' id='line_1_5' title="bbox 85 741 1128 813; baseline 0.003 -18"><span class='ocrx_word' id='word_1_39' title='bbox 85 741 165 796; x_wconf 75' lang='lat' dir='ltr'><strong>deti?</strong></span> <span class='ocrx_word' id='word_1_40' title='bbox 201 741 263 794; x_wconf 91' lang='lat' dir='ltr'><strong>Cur</strong></span> <span class='ocrx_word' id='word_1_41' title='bbox 278 741 367 796; x_wconf 85' lang='lat' dir='ltr'><strong>toties</strong></span> <span class='ocrx_word' id='word_1_42' title='bbox 384 758 432 795; x_wconf 92' lang='lat' dir='ltr'><strong>me</strong></span> <span class='ocrx_word' id='word_1_43' title='bbox 449 744 554 796; x_wconf 80' lang='lat' dir='ltr'><strong>trustra</strong></span> <span class='ocrx_word' id='word_1_44' title='bbox 567 759 688 811; x_wconf 83' lang='lat' dir='ltr'><strong>rogare,</strong></span> <span class='ocrx_word' id='word_1_45' title='bbox 706 742 843 796; x_wconf 88' lang='lat' dir='ltr'><strong>mandare</strong></span> <span class='ocrx_word' id='word_1_46' title='bbox 858 753 887 796; x_wconf 89' lang='lat' dir='ltr'><strong>et</strong></span> <span class='ocrx_word' id='word_1_47' title='bbox 898 758 1004 811; x_wconf 78' lang='lat' dir='ltr'><strong>urgere</strong></span> <span class='ocrx_word' id='word_1_48' title='bbox 1016 757 1128 813; x_wconf 77' lang='lat' dir='ltr'><strong>passus</strong></span> 
     </span>
     <span class='ocr_line' id='line_1_6' title="bbox 85 829 1124 902; baseline 0.001 -17"><span class='ocrx_word' id='word_1_49' title='bbox 85 845 129 898; x_wconf 75' lang='lat' dir='ltr'><strong>ss,</strong></span> <span class='ocrx_word' id='word_1_50' title='bbox 146 838 180 884; x_wconf 85' lang='lat' dir='ltr'><strong>ut</strong></span> <span class='ocrx_word' id='word_1_51' title='bbox 197 830 322 885; x_wconf 83' lang='lat' dir='ltr'><strong>ederes?</strong></span> <span class='ocrx_word' id='word_1_52' title='bbox 356 829 436 885; x_wconf 86' lang='lat' dir='ltr'><strong>Haec</strong></span> <span class='ocrx_word' id='word_1_53' title='bbox 448 847 504 901; x_wconf 93' lang='lat' dir='ltr'><strong>pro</strong></span> <span class='ocrx_word' id='word_1_54' title='bbox 516 831 651 902; x_wconf 74' lang='lat' dir='ltr'>apologia</span> <span class='ocrx_word' id='word_1_55' title='bbox 667 848 731 885; x_wconf 85' lang='lat' dir='ltr'><strong>inea</strong></span> <span class='ocrx_word' id='word_1_56' title='bbox 743 831 885 885; x_wconf 88' lang='lat' dir='ltr'><strong>adversus</strong></span> <span class='ocrx_word' id='word_1_57' title='bbox 899 842 942 886; x_wconf 91' lang='lat' dir='ltr'><strong>te:</strong></span> <span class='ocrx_word' id='word_1_58' title='bbox 960 830 1031 885; x_wconf 88' lang='lat' dir='ltr'><strong>volo</strong></span> <span class='ocrx_word' id='word_1_59' title='bbox 1044 830 1124 886; x_wconf 87' lang='lat' dir='ltr'><strong>enim</strong></span> 
     </span>
     <span class='ocr_line' id='line_1_7' title="bbox 85 919 1123 990; baseline 0.002 -18"><span class='ocrx_word' id='word_1_60' title='bbox 85 935 147 974; x_wconf 81' lang='lat' dir='ltr'><strong>arus</strong></span> <span class='ocrx_word' id='word_1_61' title='bbox 164 920 214 972; x_wconf 80' lang='lat' dir='ltr'><strong>fur</strong></span> <span class='ocrx_word' id='word_1_62' title='bbox 230 935 298 973; x_wconf 86' lang='lat' dir='ltr'><strong>esse</strong></span> <span class='ocrx_word' id='word_1_63' title='bbox 316 930 345 974; x_wconf 89' lang='lat' dir='ltr'><strong>et</strong></span> <span class='ocrx_word' id='word_1_64' title='bbox 362 920 436 986; x_wconf 88' lang='lat' dir='ltr'><strong>dici,</strong></span> <span class='ocrx_word' id='word_1_65' title='bbox 453 919 528 973; x_wconf 84' lang='lat' dir='ltr'>nihil</span> <span class='ocrx_word' id='word_1_66' title='bbox 542 921 654 974; x_wconf 83' lang='lat' dir='ltr'><strong>veritus</strong></span> <span class='ocrx_word' id='word_1_67' title='bbox 672 929 735 974; x_wconf 86' lang='lat' dir='ltr'><strong>tuas</strong></span> <span class='ocrx_word' id='word_1_68' title='bbox 752 920 800 974; x_wconf 84' lang='lat' dir='ltr'><strong>vel</strong></span> <span class='ocrx_word' id='word_1_69' title='bbox 819 920 954 990; x_wconf 76' lang='lat' dir='ltr'>querelas</span> <span class='ocrx_word' id='word_1_70' title='bbox 972 920 1020 973; x_wconf 88' lang='lat' dir='ltr'><strong>vel</strong></span> <span class='ocrx_word' id='word_1_71' title='bbox 1034 936 1123 974; x_wconf 79' lang='lat' dir='ltr'><strong>accu-</strong></span> 
     </span>
     <span class='ocr_line' id='line_1_8' title="bbox 85 994 1123 1081; baseline -0.001 -17"><span class='ocrx_word' id='word_1_72' title='bbox 85 1009 207 1064; x_wconf 74' lang='lat' dir='ltr'><strong>rationes</strong></span> <span class='ocrx_word' id='word_1_73' title='bbox 224 1008 346 1064; x_wconf 80' lang='lat' dir='ltr'><strong>futuras.</strong></span> <span class='ocrx_word' id='word_1_74' title='bbox 380 1010 537 1063; x_wconf 81' lang='lat' dir='ltr'><strong>Caeterum</strong></span> <span class='ocrx_word' id='word_1_75' title='bbox 554 1008 627 1078; x_wconf 89' lang='lat' dir='ltr'><strong>illis,</strong></span> <span class='ocrx_word' id='word_1_76' title='bbox 656 994 733 1080; x_wconf 73' lang='lat' dir='ltr'><strong>qdos</strong></span> <span class='ocrx_word' id='word_1_77' title='bbox 750 1020 784 1064; x_wconf 91' lang='lat' dir='ltr'><strong>tu</strong></span> <span class='ocrx_word' id='word_1_78' title='bbox 800 1011 878 1064; x_wconf 86' lang='lat' dir='ltr'><strong>torte</strong></span> <span class='ocrx_word' id='word_1_79' title='bbox 895 1009 1055 1081; x_wconf 87' lang='lat' dir='ltr'><strong>suspicaris</strong></span> <span class='ocrx_word' id='word_1_80' title='bbox 1073 1026 1123 1064; x_wconf 86' lang='lat' dir='ltr'><strong>na.</strong></span> 
     </span>
     <span class='ocr_line' id='line_1_9' title="bbox 85 1098 1121 1170; baseline 0 -16"><span class='ocrx_word' id='word_1_81' title='bbox 85 1115 144 1154; x_wconf 76' lang='lat' dir='ltr'><strong>rum</strong></span> <span class='ocrx_word' id='word_1_82' title='bbox 160 1098 334 1167; x_wconf 65' lang='lat' dir='ltr'><strong>mgaturos‘,</strong></span> <span class='ocrx_word' id='word_1_83' title='bbox 358 1100 406 1153; x_wconf 84' lang='lat' dir='ltr'><strong>vel</strong></span> <span class='ocrx_word' id='word_1_84' title='bbox 429 1100 537 1170; x_wconf 88' lang='lat' dir='ltr'><strong>quibus</strong></span> <span class='ocrx_word' id='word_1_85' title='bbox 561 1111 593 1153; x_wconf 87' lang='lat' dir='ltr'><strong>tu</strong></span> <span class='ocrx_word' id='word_1_86' title='bbox 614 1100 722 1155; x_wconf 89' lang='lat' dir='ltr'><strong>metuis</strong></span> <span class='ocrx_word' id='word_1_87' title='bbox 745 1117 805 1155; x_wconf 90' lang='lat' dir='ltr'><strong>non</strong></span> <span class='ocrx_word' id='word_1_88' title='bbox 828 1114 897 1154; x_wconf 85' lang='lat' dir='ltr'><strong>esse</strong></span> <span class='ocrx_word' id='word_1_89' title='bbox 920 1099 1121 1168; x_wconf 86' lang='lat' dir='ltr'><strong>satisfactum,</strong></span> 
     </span>
     <span class='ocr_line' id='line_1_10' title="bbox 85 1187 1121 1260; baseline 0.005 -21"><span class='ocrx_word' id='word_1_90' title='bbox 85 1188 118 1241; x_wconf 78' lang='lat' dir='ltr'><strong>iic</strong></span> <span class='ocrx_word' id='word_1_91' title='bbox 144 1187 263 1243; x_wconf 85' lang='lat' dir='ltr'>dixero:</span> <span class='ocrx_word' id='word_1_92' title='bbox 290 1188 366 1242; x_wconf 88' lang='lat' dir='ltr'><strong>edite</strong></span> <span class='ocrx_word' id='word_1_93' title='bbox 392 1190 523 1243; x_wconf 81' lang='lat' dir='ltr'><strong>meliora.</strong></span> <span class='ocrx_word' id='word_1_94' title='bbox 557 1188 624 1257; x_wconf 80' lang='lat' dir='ltr'><strong>Ego</strong></span> <span class='ocrx_word' id='word_1_95' title='bbox 651 1189 731 1260; x_wconf 87' lang='lat' dir='ltr'><strong>quod</strong></span> <span class='ocrx_word' id='word_1_96' title='bbox 757 1188 837 1260; x_wconf 91' lang='lat' dir='ltr'><strong>impii</strong></span> <span class='ocrx_word' id='word_1_97' title='bbox 860 1188 1039 1243; x_wconf 83' lang='lat' dir='ltr'><strong>Themistae</strong></span> <span class='ocrx_word' id='word_1_98' title='bbox 1063 1204 1121 1244; x_wconf 88' lang='lat' dir='ltr'><strong>suo</strong></span> 
     </span>
     <span class='ocr_line' id='line_1_11' title="bbox 85 1277 1121 1349; baseline 0.002 -17"><span class='ocrx_word' id='word_1_99' title='bbox 85 1278 215 1333; x_wconf 74' lang='lat' dir='ltr'><strong>rhomae</strong></span> <span class='ocrx_word' id='word_1_100' title='bbox 242 1277 433 1333; x_wconf 82' lang='lat' dir='ltr'><strong>mendaciter·</strong></span> <span class='ocrx_word' id='word_1_101' title='bbox 450 1289 606 1348; x_wconf 79' lang='lat' dir='ltr'><strong>arrogant,</strong></span> <span class='ocrx_word' id='word_1_102' title='bbox 640 1279 754 1333; x_wconf 90' lang='lat' dir='ltr'><strong>scilicet</strong></span> <span class='ocrx_word' id='word_1_103' title='bbox 782 1278 930 1333; x_wconf 89' lang='lat' dir='ltr'><strong>neminem</strong></span> <span class='ocrx_word' id='word_1_104' title='bbox 958 1277 1121 1349; x_wconf 77' lang='lat' dir='ltr'><strong>scripsisse</strong></span> 
     </span>
     <span class='ocr_line' id='line_1_12' title="bbox 85 1367 1121 1436; baseline 0.003 -15"><span class='ocrx_word' id='word_1_105' title='bbox 85 1367 182 1422; x_wconf 88' lang='lat' dir='ltr'><strong>uelius</strong></span> <span class='ocrx_word' id='word_1_106' title='bbox 200 1367 379 1421; x_wconf 84' lang='lat' dir='ltr'><strong>insanorum</strong></span> <span class='ocrx_word' id='word_1_107' title='bbox 395 1367 536 1436; x_wconf 89' lang='lat' dir='ltr'><strong>Paulum,</strong></span> <span class='ocrx_word' id='word_1_108' title='bbox 560 1368 612 1423; x_wconf 91' lang='lat' dir='ltr'><strong>tibi</strong></span> <span class='ocrx_word' id='word_1_109' title='bbox 634 1385 705 1423; x_wconf 86' lang='lat' dir='ltr'><strong>vere</strong></span> <span class='ocrx_word' id='word_1_110' title='bbox 728 1368 844 1423; x_wconf 87' lang='lat' dir='ltr'><strong>tribuo:</strong></span> <span class='ocrx_word' id='word_1_111' title='bbox 870 1385 938 1422; x_wconf 87' lang='lat' dir='ltr'><strong>nam</strong></span> <span class='ocrx_word' id='word_1_112' title='bbox 960 1367 1016 1423; x_wconf 90' lang='lat' dir='ltr'><strong>illis</strong></span> <span class='ocrx_word' id='word_1_113' title='bbox 1034 1369 1121 1424; x_wconf 84' lang='lat' dir='ltr'><strong>Satan</strong></span> 
     </span>
     <span class='ocr_line' id='line_1_13' title="bbox 86 1457 1121 1530; baseline 0.003 -18"><span class='ocrx_word' id='word_1_114' title='bbox 86 1459 123 1512; x_wconf 91' lang='lat' dir='ltr'><strong>lle</strong></span> <span class='ocrx_word' id='word_1_115' title='bbox 147 1457 310 1529; x_wconf 70' lang='lat' dir='ltr'><strong>persuasit,</strong></span> <span class='ocrx_word' id='word_1_116' title='bbox 335 1459 380 1512; x_wconf 90' lang='lat' dir='ltr'><strong>sic</strong></span> <span class='ocrx_word' id='word_1_117' title='bbox 406 1459 441 1511; x_wconf 91' lang='lat' dir='ltr'><strong>de</strong></span> <span class='ocrx_word' id='word_1_118' title='bbox 466 1459 586 1512; x_wconf 81' lang='lat' dir='ltr'><strong>Thomu</strong></span> <span class='ocrx_word' id='word_1_119' title='bbox 609 1473 665 1513; x_wconf 88' lang='lat' dir='ltr'><strong>suo</strong></span> <span class='ocrx_word' id='word_1_120' title='bbox 690 1458 825 1528; x_wconf 84' lang='lat' dir='ltr'><strong>gloriari,</strong></span> <span class='ocrx_word' id='word_1_121' title='bbox 854 1475 915 1529; x_wconf 87' lang='lat' dir='ltr'><strong>quo</strong></span> <span class='ocrx_word' id='word_1_122' title='bbox 941 1458 1029 1529; x_wconf 85' lang='lat' dir='ltr'><strong>impia</strong></span> <span class='ocrx_word' id='word_1_123' title='bbox 1055 1459 1121 1530; x_wconf 84' lang='lat' dir='ltr'><strong>ejus</strong></span> 
     </span>
     <span class='ocr_line' id='line_1_14' title="bbox 85 1547 1120 1621; baseline 0.001 -19"><span class='ocrx_word' id='word_1_124' title='bbox 85 1548 210 1617; x_wconf 82' lang='lat' dir='ltr'><strong>logmata</strong></span> <span class='ocrx_word' id='word_1_125' title='bbox 227 1557 257 1603; x_wconf 86' lang='lat' dir='ltr'><strong>et</strong></span> <span class='ocrx_word' id='word_1_126' title='bbox 272 1565 385 1602; x_wconf 84' lang='lat' dir='ltr'><strong>venena</strong></span> <span class='ocrx_word' id='word_1_127' title='bbox 402 1547 488 1602; x_wconf 86' lang='lat' dir='ltr'><strong>latias</strong></span> <span class='ocrx_word' id='word_1_128' title='bbox 506 1559 709 1619; x_wconf 82' lang='lat' dir='ltr'><strong>propagarent.</strong></span> <span class='ocrx_word' id='word_1_129' title='bbox 744 1548 808 1618; x_wconf 83' lang='lat' dir='ltr'><strong>Ego</strong></span> <span class='ocrx_word' id='word_1_130' title='bbox 826 1549 910 1616; x_wconf 92' lang='lat' dir='ltr'><strong>scio,</strong></span> <span class='ocrx_word' id='word_1_131' title='bbox 936 1567 997 1620; x_wconf 91' lang='lat' dir='ltr'><strong>quo</strong></span> <span class='ocrx_word' id='word_1_132' title='bbox 1014 1549 1120 1621; x_wconf 90' lang='lat' dir='ltr'><strong>spiritu</strong></span> 
     </span>
     <span class='ocr_line' id='line_1_15' title="bbox 84 1636 1121 1710; baseline 0 -21"><span class='ocrx_word' id='word_1_133' title='bbox 84 1636 230 1706; x_wconf 75' lang='lat' dir='ltr'><strong>njudicio</strong></span> <span class='ocrx_word' id='word_1_134' title='bbox 246 1637 290 1691; x_wconf 86' lang='lat' dir='ltr'><strong>sic</strong></span> <span class='ocrx_word' id='word_1_135' title='bbox 308 1637 344 1690; x_wconf 92' lang='lat' dir='ltr'><strong>de</strong></span> <span class='ocrx_word' id='word_1_136' title='bbox 362 1647 391 1690; x_wconf 89' lang='lat' dir='ltr'><strong>te</strong></span> <span class='ocrx_word' id='word_1_137' title='bbox 408 1638 578 1709; x_wconf 85' lang='lat' dir='ltr'><strong>pronuntio.</strong></span> <span class='ocrx_word' id='word_1_138' title='bbox 613 1637 694 1710; x_wconf 79' lang='lat' dir='ltr'><strong>Quid</strong></span> <span class='ocrx_word' id='word_1_139' title='bbox 711 1637 745 1691; x_wconf 91' lang='lat' dir='ltr'><strong>ad</strong></span> <span class='ocrx_word' id='word_1_140' title='bbox 762 1649 809 1705; x_wconf 87' lang='lat' dir='ltr'><strong>tc,</strong></span> <span class='ocrx_word' id='word_1_141' title='bbox 835 1638 861 1691; x_wconf 91' lang='lat' dir='ltr'><strong>si</strong></span> <span class='ocrx_word' id='word_1_142' title='bbox 881 1654 981 1691; x_wconf 91' lang='lat' dir='ltr'><strong>meum</strong></span> <span class='ocrx_word' id='word_1_143' title='bbox 997 1638 1057 1693; x_wconf 92' lang='lat' dir='ltr'><strong>hoc</strong></span> <span class='ocrx_word' id='word_1_144' title='bbox 1070 1639 1121 1707; x_wconf 78' lang='lat' dir='ltr'><strong>ju.</strong></span> 
     </span>
     <span class='ocr_line' id='line_1_16' title="bbox 85 1726 1120 1797; baseline 0.002 -17"><span class='ocrx_word' id='word_1_145' title='bbox 85 1726 185 1780; x_wconf 86' lang='lat' dir='ltr'><strong>licium</strong></span> <span class='ocrx_word' id='word_1_146' title='bbox 200 1727 410 1797; x_wconf 77' lang='lat' dir='ltr'><strong>suspenderint</strong></span> <span class='ocrx_word' id='word_1_147' title='bbox 428 1745 500 1782; x_wconf 88' lang='lat' dir='ltr'><strong>naso</strong></span> <span class='ocrx_word' id='word_1_148' title='bbox 517 1728 572 1780; x_wconf 87' lang='lat' dir='ltr'><strong>viri</strong></span> <span class='ocrx_word' id='word_1_149' title='bbox 597 1728 636 1781; x_wconf 92' lang='lat' dir='ltr'><strong>illi</strong></span> <span class='ocrx_word' id='word_1_150' title='bbox 662 1727 766 1782; x_wconf 81' lang='lat' dir='ltr'><strong>famosi</strong></span> <span class='ocrx_word' id='word_1_151' title='bbox 792 1738 820 1780; x_wconf 91' lang='lat' dir='ltr'><strong>et</strong></span> <span class='ocrx_word' id='word_1_152' title='bbox 843 1726 993 1796; x_wconf 79' lang='lat' dir='ltr'><strong>gigantes?</strong></span> <span class='ocrx_word' id='word_1_153' title='bbox 1018 1743 1120 1782; x_wconf 91' lang='lat' dir='ltr'><strong>meum</strong></span> 
     </span>
     <span class='ocr_line' id='line_1_17' title="bbox 85 1815 1120 1891; baseline 0.001 -19"><span class='ocrx_word' id='word_1_154' title='bbox 85 1827 118 1872; x_wconf 76' lang='lat' dir='ltr'><strong>¹st</strong></span> <span class='ocrx_word' id='word_1_155' title='bbox 134 1815 313 1887; x_wconf 88' lang='lat' dir='ltr'><strong>periculum.</strong></span> <span class='ocrx_word' id='word_1_156' title='bbox 347 1817 428 1891; x_wconf 79' lang='lat' dir='ltr'><strong>Quin</strong></span> <span class='ocrx_word' id='word_1_157' title='bbox 451 1819 576 1888; x_wconf 89' lang='lat' dir='ltr'><strong>amplius</strong></span> <span class='ocrx_word' id='word_1_158' title='bbox 599 1817 711 1871; x_wconf 88' lang='lat' dir='ltr'><strong>irritare</strong></span> <span class='ocrx_word' id='word_1_159' title='bbox 735 1816 806 1870; x_wconf 88' lang='lat' dir='ltr'><strong>volo</strong></span> <span class='ocrx_word' id='word_1_160' title='bbox 829 1827 951 1872; x_wconf 89' lang='lat' dir='ltr'><strong>nasutos</strong></span> <span class='ocrx_word' id='word_1_161' title='bbox 969 1816 1062 1884; x_wconf 89' lang='lat' dir='ltr'><strong>istos,</strong></span> <span class='ocrx_word' id='word_1_162' title='bbox 1089 1828 1120 1873; x_wconf 88' lang='lat' dir='ltr'><strong>et</strong></span> 
     </span>
     <span class='ocr_line' id='line_1_18' title="bbox 85 1904 1118 1976; baseline 0.004 -18"><span class='ocrx_word' id='word_1_163' title='bbox 85 1907 158 1973; x_wconf 85' lang='lat' dir='ltr'><strong>lico,</strong></span> <span class='ocrx_word' id='word_1_164' title='bbox 182 1904 354 1976; x_wconf 85' lang='lat' dir='ltr'><strong>Hieronymi</strong></span> <span class='ocrx_word' id='word_1_165' title='bbox 379 1917 408 1960; x_wconf 88' lang='lat' dir='ltr'><strong>et</strong></span> <span class='ocrx_word' id='word_1_166' title='bbox 425 1906 563 1976; x_wconf 83' lang='lat' dir='ltr'><strong>Origenis</strong></span> <span class='ocrx_word' id='word_1_167' title='bbox 579 1907 809 1961; x_wconf 82' lang='lat' dir='ltr'><strong>commentarios</strong></span> <span class='ocrx_word' id='word_1_168' title='bbox 827 1921 893 1960; x_wconf 82' lang='lat' dir='ltr'><strong>esse</strong></span> <span class='ocrx_word' id='word_1_169' title='bbox 909 1922 1006 1961; x_wconf 85' lang='lat' dir='ltr'><strong>meras</strong></span> <span class='ocrx_word' id='word_1_170' title='bbox 1025 1922 1118 1975; x_wconf 82' lang='lat' dir='ltr'><strong>nugas</strong></span> 
     </span>
     <span class='ocr_line' id='line_1_19' title="bbox 85 1993 1117 2068; baseline -0.002 -17"><span class='ocrx_word' id='word_1_171' title='bbox 85 1994 257 2067; x_wconf 71' lang='lat' dir='ltr'><strong>nineptias,</strong></span> <span class='ocrx_word' id='word_1_172' title='bbox 275 1995 301 2049; x_wconf 90' lang='lat' dir='ltr'><strong>si</strong></span> <span class='ocrx_word' id='word_1_173' title='bbox 311 1995 370 2049; x_wconf 88' lang='lat' dir='ltr'><strong>tuis</strong></span> <span class='ocrx_word' id='word_1_174' title='bbox 382 1995 617 2050; x_wconf 86' lang='lat' dir='ltr'><strong>annotationibus</strong></span> <span class='ocrx_word' id='word_1_175' title='bbox 630 2004 846 2066; x_wconf 90' lang='lat' dir='ltr'><strong>comparentur.</strong></span> <span class='ocrx_word' id='word_1_176' title='bbox 876 1993 973 2068; x_wconf 79' lang='lat' dir='ltr'><strong>Quid,</strong></span> <span class='ocrx_word' id='word_1_177' title='bbox 992 1994 1117 2066; x_wconf 87' lang='lat' dir='ltr'><strong>inquies,</strong></span> 
     </span>
     <span class='ocr_line' id='line_1_20' title="bbox 85 2082 1119 2154; baseline 0 -13"><span class='ocrx_word' id='word_1_178' title='bbox 85 2086 176 2141; x_wconf 79' lang='lat' dir='ltr'><strong>ittinet</strong></span> <span class='ocrx_word' id='word_1_179' title='bbox 193 2085 267 2139; x_wconf 86' lang='lat' dir='ltr'><strong>adeo</strong></span> <span class='ocrx_word' id='word_1_180' title='bbox 283 2100 445 2154; x_wconf 89' lang='lat' dir='ltr'><strong>provocare</strong></span> <span class='ocrx_word' id='word_1_181' title='bbox 463 2084 550 2138; x_wconf 89' lang='lat' dir='ltr'><strong>etiam</strong></span> <span class='ocrx_word' id='word_1_182' title='bbox 567 2100 681 2137; x_wconf 88' lang='lat' dir='ltr'><strong>summa</strong></span> <span class='ocrx_word' id='word_1_183' title='bbox 699 2084 810 2153; x_wconf 82' lang='lat' dir='ltr'><strong>ingenia</strong></span> <span class='ocrx_word' id='word_1_184' title='bbox 831 2085 860 2138; x_wconf 88' lang='lat' dir='ltr'><strong>in</strong></span> <span class='ocrx_word' id='word_1_185' title='bbox 881 2084 939 2138; x_wconf 90' lang='lat' dir='ltr'><strong>mei</strong></span> <span class='ocrx_word' id='word_1_186' title='bbox 956 2082 1119 2141; x_wconf 78' lang='lat' dir='ltr'><strong>invidiam?</strong></span> 
     </span>
     <span class='ocr_line' id='line_1_21' title="bbox 85 2171 1119 2247; baseline -0.004 -17"><span class='ocrx_word' id='word_1_187' title='bbox 85 2173 168 2243; x_wconf 70' lang='lat' dir='ltr'><strong>isto,</strong></span> <span class='ocrx_word' id='word_1_188' title='bbox 186 2174 228 2228; x_wconf 87' lang='lat' dir='ltr'><strong>sis</strong></span> <span class='ocrx_word' id='word_1_189' title='bbox 240 2173 379 2240; x_wconf 87' lang='lat' dir='ltr'><strong>humilis,</strong></span> <span class='ocrx_word' id='word_1_190' title='bbox 396 2174 476 2228; x_wconf 90' lang='lat' dir='ltr'><strong>sines</strong></span> <span class='ocrx_word' id='word_1_191' title='bbox 494 2183 591 2227; x_wconf 89' lang='lat' dir='ltr'><strong>tamen</strong></span> <span class='ocrx_word' id='word_1_192' title='bbox 608 2188 655 2226; x_wconf 91' lang='lat' dir='ltr'><strong>me</strong></span> <span class='ocrx_word' id='word_1_193' title='bbox 673 2173 702 2227; x_wconf 92' lang='lat' dir='ltr'><strong>in</strong></span> <span class='ocrx_word' id='word_1_194' title='bbox 719 2182 748 2227; x_wconf 90' lang='lat' dir='ltr'><strong>te</strong></span> <span class='ocrx_word' id='word_1_195' title='bbox 760 2172 925 2244; x_wconf 88' lang='lat' dir='ltr'><strong>superbire.</strong></span> <span class='ocrx_word' id='word_1_196' title='bbox 959 2171 1036 2247; x_wconf 77' lang='lat' dir='ltr'><strong>Quis</strong></span> <span class='ocrx_word' id='word_1_197' title='bbox 1049 2190 1119 2244; x_wconf 85' lang='lat' dir='ltr'><strong>pro.</strong></span> 
     </span>
     <span class='ocr_line' id='line_1_22' title="bbox 85 2262 1119 2332; baseline -0.002 -14"><span class='ocrx_word' id='word_1_198' title='bbox 85 2265 167 2319; x_wconf 77' lang='lat' dir='ltr'><strong>tibuit</strong></span> <span class='ocrx_word' id='word_1_199' title='bbox 183 2279 298 2319; x_wconf 89' lang='lat' dir='ltr'><strong>summa</strong></span> <span class='ocrx_word' id='word_1_200' title='bbox 315 2265 443 2331; x_wconf 83' lang='lat' dir='ltr'><strong>ingenia,</strong></span> <span class='ocrx_word' id='word_1_201' title='bbox 466 2281 503 2317; x_wconf 93' lang='lat' dir='ltr'><strong>ne</strong></span> <span class='ocrx_word' id='word_1_202' title='bbox 521 2262 606 2317; x_wconf 89' lang='lat' dir='ltr'><strong>edant</strong></span> <span class='ocrx_word' id='word_1_203' title='bbox 623 2263 763 2331; x_wconf 84' lang='lat' dir='ltr'><strong>meliora,</strong></span> <span class='ocrx_word' id='word_1_204' title='bbox 788 2272 817 2317; x_wconf 90' lang='lat' dir='ltr'><strong>et</strong></span> <span class='ocrx_word' id='word_1_205' title='bbox 835 2263 892 2316; x_wconf 89' lang='lat' dir='ltr'><strong>mei</strong></span> <span class='ocrx_word' id='word_1_206' title='bbox 910 2262 1015 2332; x_wconf 83' lang='lat' dir='ltr'><strong>judicii</strong></span> <span class='ocrx_word' id='word_1_207' title='bbox 1033 2279 1119 2318; x_wconf 89' lang='lat' dir='ltr'><strong>coar.</strong></span> 
     </span>
     <span class='ocr_line' id='line_1_23' title="bbox 85 2351 1118 2423; baseline -0.004 -14"><span class='ocrx_word' id='word_1_208' title='bbox 85 2360 160 2423; x_wconf 65' lang='lat' dir='ltr'><strong>ruant</strong></span> <span class='ocrx_word' id='word_1_209' title='bbox 176 2353 392 2408; x_wconf 85' lang='lat' dir='ltr'><strong>temeritatem?</strong></span> <span class='ocrx_word' id='word_1_210' title='bbox 410 2353 518 2407; x_wconf 89' lang='lat' dir='ltr'><strong>utinam</strong></span> <span class='ocrx_word' id='word_1_211' title='bbox 538 2364 653 2418; x_wconf 89' lang='lat' dir='ltr'><strong>essent,</strong></span> <span class='ocrx_word' id='word_1_212' title='bbox 671 2355 720 2423; x_wconf 94' lang='lat' dir='ltr'><strong>qui</strong></span> <span class='ocrx_word' id='word_1_213' title='bbox 737 2351 858 2407; x_wconf 86' lang='lat' dir='ltr'><strong>meliora</strong></span> <span class='ocrx_word' id='word_1_214' title='bbox 874 2363 998 2423; x_wconf 85' lang='lat' dir='ltr'><strong>possent</strong></span> <span class='ocrx_word' id='word_1_215' title='bbox 1015 2363 1044 2408; x_wconf 91' lang='lat' dir='ltr'><strong>et</strong></span> <span class='ocrx_word' id='word_1_216' title='bbox 1059 2351 1118 2408; x_wconf 89' lang='lat' dir='ltr'><strong>effi.</strong></span> 
     </span>
     <span class='ocr_line' id='line_1_24' title="bbox 85 2442 1117 2513; baseline -0.004 -14"><span class='ocrx_word' id='word_1_217' title='bbox 85 2454 187 2508; x_wconf 62' lang='lat' dir='ltr'><strong>retent.</strong></span> <span class='ocrx_word' id='word_1_218' title='bbox 221 2443 360 2513; x_wconf 89' lang='lat' dir='ltr'><strong>Denique</strong></span> <span class='ocrx_word' id='word_1_219' title='bbox 385 2453 414 2496; x_wconf 91' lang='lat' dir='ltr'><strong>et</strong></span> <span class='ocrx_word' id='word_1_220' title='bbox 436 2444 485 2496; x_wconf 87' lang='lat' dir='ltr'><strong>tibi</strong></span> <span class='ocrx_word' id='word_1_221' title='bbox 502 2445 599 2496; x_wconf 89' lang='lat' dir='ltr'><strong>minor</strong></span> <span class='ocrx_word' id='word_1_222' title='bbox 617 2443 712 2496; x_wconf 90' lang='lat' dir='ltr'><strong>adhuc</strong></span> <span class='ocrx_word' id='word_1_223' title='bbox 730 2442 957 2497; x_wconf 81' lang='lat' dir='ltr'><strong>iuraturumme</strong></span> <span class='ocrx_word' id='word_1_224' title='bbox 975 2452 1005 2497; x_wconf 87' lang='lat' dir='ltr'><strong>et</strong></span> <span class='ocrx_word' id='word_1_225' title='bbox 1021 2443 1117 2497; x_wconf 81' lang='lat' dir='ltr'><strong>invul.</strong></span> 
     </span>
     <span class='ocr_line' id='line_1_25' title="bbox 85 2530 1118 2603; baseline 0.001 -15"><span class='ocrx_word' id='word_1_226' title='bbox 85 2548 208 2602; x_wconf 65' lang='lat' dir='ltr'><strong>:atunrm</strong></span> <span class='ocrx_word' id='word_1_227' title='bbox 225 2550 258 2586; x_wconf 93' lang='lat' dir='ltr'><strong>ea</strong></span> <span class='ocrx_word' id='word_1_228' title='bbox 276 2533 379 2600; x_wconf 86' lang='lat' dir='ltr'><strong>etiarn,</strong></span> <span class='ocrx_word' id='word_1_229' title='bbox 398 2549 472 2603; x_wconf 89' lang='lat' dir='ltr'><strong>quae</strong></span> <span class='ocrx_word' id='word_1_230' title='bbox 491 2533 519 2585; x_wconf 93' lang='lat' dir='ltr'><strong>in</strong></span> <span class='ocrx_word' id='word_1_231' title='bbox 538 2531 669 2588; x_wconf 88' lang='lat' dir='ltr'><strong>Genesin</strong></span> <span class='ocrx_word' id='word_1_232' title='bbox 688 2544 716 2585; x_wconf 92' lang='lat' dir='ltr'><strong>et</strong></span> <span class='ocrx_word' id='word_1_233' title='bbox 734 2530 915 2600; x_wconf 83' lang='lat' dir='ltr'><strong>Evangelion</strong></span> <span class='ocrx_word' id='word_1_234' title='bbox 927 2533 1069 2588; x_wconf 88' lang='lat' dir='ltr'><strong>Matthaei</strong></span> <span class='ocrx_word' id='word_1_235' title='bbox 1087 2544 1118 2589; x_wconf 89' lang='lat' dir='ltr'><strong>et</strong></span> 
     </span>
     <span class='ocr_line' id='line_1_26' title="bbox 85 2622 1118 2694; baseline 0.001 -19"><span class='ocrx_word' id='word_1_236' title='bbox 85 2627 197 2680; x_wconf 80' lang='lat' dir='ltr'><strong>loannis</strong></span> <span class='ocrx_word' id='word_1_237' title='bbox 215 2624 370 2677; x_wconf 76' lang='lat' dir='ltr'><strong>meditatus</strong></span> <span class='ocrx_word' id='word_1_238' title='bbox 390 2640 439 2686; x_wconf 88' lang='lat' dir='ltr'><strong>es,</strong></span> <span class='ocrx_word' id='word_1_239' title='bbox 463 2624 518 2675; x_wconf 92' lang='lat' dir='ltr'><strong>nisi</strong></span> <span class='ocrx_word' id='word_1_240' title='bbox 536 2632 567 2676; x_wconf 90' lang='lat' dir='ltr'><strong>tu</strong></span> <span class='ocrx_word' id='word_1_241' title='bbox 585 2623 647 2692; x_wconf 88' lang='lat' dir='ltr'><strong>ipse</strong></span> <span class='ocrx_word' id='word_1_242' title='bbox 666 2622 864 2677; x_wconf 85' lang='lat' dir='ltr'><strong>anteverteris.</strong></span> <span class='ocrx_word' id='word_1_243' title='bbox 899 2622 965 2675; x_wconf 91' lang='lat' dir='ltr'><strong>Sola</strong></span> <span class='ocrx_word' id='word_1_244' title='bbox 989 2624 1118 2694; x_wconf 69' lang='lat' dir='ltr'><strong>Scriptu.</strong></span> 
     </span>
     <span class='ocr_line' id='line_1_27' title="bbox 85 2710 1118 2784; baseline -0.002 -16"><span class='ocrx_word' id='word_1_245' title='bbox 85 2732 119 2782; x_wconf 84' lang='lat' dir='ltr'><strong>a,</strong></span> <span class='ocrx_word' id='word_1_246' title='bbox 137 2713 253 2784; x_wconf 89' lang='lat' dir='ltr'><strong>inquis,</strong></span> <span class='ocrx_word' id='word_1_247' title='bbox 271 2712 391 2781; x_wconf 83' lang='lat' dir='ltr'><strong>legenda</strong></span> <span class='ocrx_word' id='word_1_248' title='bbox 409 2722 453 2764; x_wconf 86' lang='lat' dir='ltr'><strong>est</strong></span> <span class='ocrx_word' id='word_1_249' title='bbox 473 2711 544 2763; x_wconf 89' lang='lat' dir='ltr'><strong>citra</strong></span> <span class='ocrx_word' id='word_1_250' title='bbox 563 2711 783 2764; x_wconf 87' lang='lat' dir='ltr'><strong>commentaria.</strong></span> <span class='ocrx_word' id='word_1_251' title='bbox 817 2710 911 2764; x_wconf 86' lang='lat' dir='ltr'><strong>Recte</strong></span> <span class='ocrx_word' id='word_1_252' title='bbox 925 2712 960 2765; x_wconf 93' lang='lat' dir='ltr'><strong>de</strong></span> <span class='ocrx_word' id='word_1_253' title='bbox 974 2712 1118 2783; x_wconf 77' lang='lat' dir='ltr'><strong>Hierony.</strong></span> 
     </span>
     <span class='ocr_line' id='line_1_28' title="bbox 85 2801 1117 2872; baseline -0.003 -12"><span class='ocrx_word' id='word_1_254' title='bbox 85 2824 121 2860; x_wconf 91' lang='lat' dir='ltr'><strong>no</strong></span> <span class='ocrx_word' id='word_1_255' title='bbox 140 2817 168 2859; x_wconf 91' lang='lat' dir='ltr'><strong>et</strong></span> <span class='ocrx_word' id='word_1_256' title='bbox 187 2805 315 2872; x_wconf 85' lang='lat' dir='ltr'><strong>Origene</strong></span> <span class='ocrx_word' id='word_1_257' title='bbox 333 2815 363 2856; x_wconf 89' lang='lat' dir='ltr'><strong>et</strong></span> <span class='ocrx_word' id='word_1_258' title='bbox 380 2803 498 2855; x_wconf 86' lang='lat' dir='ltr'><strong>Thoma</strong></span> <span class='ocrx_word' id='word_1_259' title='bbox 510 2801 616 2871; x_wconf 87' lang='lat' dir='ltr'><strong>hisque</strong></span> <span class='ocrx_word' id='word_1_260' title='bbox 630 2801 772 2854; x_wconf 89' lang='lat' dir='ltr'><strong>similibus</strong></span> <span class='ocrx_word' id='word_1_261' title='bbox 785 2801 866 2855; x_wconf 86' lang='lat' dir='ltr'><strong>dicis.</strong></span> <span class='ocrx_word' id='word_1_262' title='bbox 901 2801 1117 2859; x_wconf 77' lang='lat' dir='ltr'><strong>Commentario</strong></span> 
     </span>
     <span class='ocr_line' id='line_1_29' title="bbox 85 2891 1117 2964; baseline -0.006 -15"><span class='ocrx_word' id='word_1_263' title='bbox 85 2896 149 2949; x_wconf 90' lang='lat' dir='ltr'><strong>nim</strong></span> <span class='ocrx_word' id='word_1_264' title='bbox 161 2894 339 2964; x_wconf 87' lang='lat' dir='ltr'><strong>scripserunt</strong></span> <span class='ocrx_word' id='word_1_265' title='bbox 348 2932 356 2959; x_wconf 88' lang='lat'><strong>,</strong></span> <span class='ocrx_word' id='word_1_266' title='bbox 375 2891 522 2962; x_wconf 90' lang='lat' dir='ltr'><strong>inquibus</strong></span> <span class='ocrx_word' id='word_1_267' title='bbox 536 2906 587 2943; x_wconf 89' lang='lat' dir='ltr'><strong>sua</strong></span> <span class='ocrx_word' id='word_1_268' title='bbox 601 2892 715 2960; x_wconf 88' lang='lat' dir='ltr'><strong>potius,</strong></span> <span class='ocrx_word' id='word_1_269' title='bbox 736 2906 823 2960; x_wconf 84' lang='lat' dir='ltr'><strong>quarn</strong></span> <span class='ocrx_word' id='word_1_270' title='bbox 837 2891 956 2944; x_wconf 89' lang='lat' dir='ltr'><strong>Paulina</strong></span> <span class='ocrx_word' id='word_1_271' title='bbox 972 2904 1019 2946; x_wconf 86' lang='lat' dir='ltr'><strong>aut</strong></span> <span class='ocrx_word' id='word_1_272' title='bbox 1032 2892 1117 2945; x_wconf 90' lang='lat' dir='ltr'><strong>Chri.</strong></span> 
     </span>
     <span class='ocr_line' id='line_1_30' title="bbox 88 2982 1117 3050; baseline -0.007 -11"><span class='ocrx_word' id='word_1_273' title='bbox 88 2986 164 3040; x_wconf 86' lang='lat' dir='ltr'><strong>tiana</strong></span> <span class='ocrx_word' id='word_1_274' title='bbox 181 2984 375 3038; x_wconf 83' lang='lat' dir='ltr'><strong>tradiderunt:</strong></span> <span class='ocrx_word' id='word_1_275' title='bbox 397 2990 459 3034; x_wconf 87' lang='lat' dir='ltr'><strong>tuas</strong></span> <span class='ocrx_word' id='word_1_276' title='bbox 478 2982 679 3033; x_wconf 88' lang='lat' dir='ltr'><strong>annotationes</strong></span> <span class='ocrx_word' id='word_1_277' title='bbox 698 2995 786 3032; x_wconf 89' lang='lat' dir='ltr'><strong>nemo</strong></span> <span class='ocrx_word' id='word_1_278' title='bbox 806 2982 1050 3041; x_wconf 68' lang='lat' dir='ltr'><strong>commentarium</strong></span> <span class='ocrx_word' id='word_1_279' title='bbox 1067 2998 1117 3050; x_wconf 93' lang='lat' dir='ltr'><strong>ap.</strong></span> 
     </span>
     <span class='ocr_line' id='line_1_31' title="bbox 85 3068 1117 3139; baseline -0.001 -15"><span class='ocrx_word' id='word_1_280' title='bbox 85 3077 176 3139; x_wconf 64' lang='lat' dir='ltr'><strong>rellet,</strong></span> <span class='ocrx_word' id='word_1_281' title='bbox 202 3073 254 3126; x_wconf 90' lang='lat' dir='ltr'><strong>sed</strong></span> <span class='ocrx_word' id='word_1_282' title='bbox 278 3073 404 3126; x_wconf 89' lang='lat' dir='ltr'><strong>indicem</strong></span> <span class='ocrx_word' id='word_1_283' title='bbox 430 3070 567 3122; x_wconf 85' lang='lat' dir='ltr'><strong>duntaxat</strong></span> <span class='ocrx_word' id='word_1_284' title='bbox 592 3068 731 3136; x_wconf 85' lang='lat' dir='ltr'><strong>legendae</strong></span> <span class='ocrx_word' id='word_1_285' title='bbox 749 3069 916 3139; x_wconf 88' lang='lat' dir='ltr'><strong>Scripturae</strong></span> <span class='ocrx_word' id='word_1_286' title='bbox 939 3078 968 3122; x_wconf 89' lang='lat' dir='ltr'><strong>et</strong></span> <span class='ocrx_word' id='word_1_287' title='bbox 990 3086 1117 3136; x_wconf 81' lang='lat' dir='ltr'><strong>cognos.</strong></span> 
     </span>
     <span class='ocr_line' id='line_1_32' title="bbox 85 3159 1116 3236; baseline -0.003 -20"><span class='ocrx_word' id='word_1_288' title='bbox 85 3165 157 3218; x_wconf 72' lang='lat' dir='ltr'><strong>rendi</strong></span> <span class='ocrx_word' id='word_1_289' title='bbox 176 3164 304 3227; x_wconf 88' lang='lat' dir='ltr'><strong>Christi,</strong></span> <span class='ocrx_word' id='word_1_290' title='bbox 321 3163 347 3215; x_wconf 93' lang='lat' dir='ltr'><strong>id</strong></span> <span class='ocrx_word' id='word_1_291' title='bbox 367 3162 447 3231; x_wconf 89' lang='lat' dir='ltr'><strong>qnod</strong></span> <span class='ocrx_word' id='word_1_292' title='bbox 463 3160 559 3213; x_wconf 89' lang='lat' dir='ltr'><strong>nullus</strong></span> <span class='ocrx_word' id='word_1_293' title='bbox 576 3159 720 3212; x_wconf 88' lang='lat' dir='ltr'><strong>hactenus</strong></span> <span class='ocrx_word' id='word_1_294' title='bbox 735 3159 876 3236; x_wconf 80' lang='lat' dir='ltr'><strong>praestitit</strong></span> <span class='ocrx_word' id='word_1_295' title='bbox 888 3162 1116 3213; x_wconf 68' lang='lat' dir='ltr'><strong>commentario.</strong></span> 
     </span>
     <span class='ocr_line' id='line_1_33' title="bbox 85 3247 1115 3324; baseline -0.001 -18"><span class='ocrx_word' id='word_1_296' title='bbox 85 3271 155 3321; x_wconf 86' lang='lat' dir='ltr'><strong>um,</strong></span> <span class='ocrx_word' id='word_1_297' title='bbox 181 3253 231 3324; x_wconf 88' lang='lat' dir='ltr'><strong>qui</strong></span> <span class='ocrx_word' id='word_1_298' title='bbox 253 3254 357 3306; x_wconf 86' lang='lat' dir='ltr'><strong>saltem</strong></span> <span class='ocrx_word' id='word_1_299' title='bbox 382 3260 470 3303; x_wconf 83' lang='lat' dir='ltr'><strong>exter.</strong></span> <span class='ocrx_word' id='word_1_300' title='bbox 504 3248 582 3303; x_wconf 93' lang='lat' dir='ltr'><strong>Nam</strong></span> <span class='ocrx_word' id='word_1_301' title='bbox 599 3249 679 3318; x_wconf 92' lang='lat' dir='ltr'><strong>quod</strong></span> <span class='ocrx_word' id='word_1_302' title='bbox 696 3258 728 3301; x_wconf 91' lang='lat' dir='ltr'><strong>tu</strong></span> <span class='ocrx_word' id='word_1_303' title='bbox 745 3247 889 3315; x_wconf 81' lang='lat' dir='ltr'><strong>causeris,</strong></span> <span class='ocrx_word' id='word_1_304' title='bbox 916 3266 972 3302; x_wconf 91' lang='lat' dir='ltr'><strong>nec</strong></span> <span class='ocrx_word' id='word_1_305' title='bbox 991 3249 1042 3304; x_wconf 88' lang='lat' dir='ltr'><strong>tibi</strong></span> <span class='ocrx_word' id='word_1_306' title='bbox 1061 3250 1115 3321; x_wconf 86' lang='lat' dir='ltr'><strong>ipsi</strong></span> 
     </span>
     <span class='ocr_line' id='line_1_34' title="bbox 85 3336 1115 3406; baseline -0.003 -11"><span class='ocrx_word' id='word_1_307' title='bbox 85 3361 126 3398; x_wconf 75' lang='lat' dir='ltr'><strong>»er</strong></span> <span class='ocrx_word' id='word_1_308' title='bbox 143 3343 238 3395; x_wconf 88' lang='lat' dir='ltr'><strong>omnia</strong></span> <span class='ocrx_word' id='word_1_309' title='bbox 256 3342 439 3396; x_wconf 81' lang='lat' dir='ltr'><strong>satisfactum</strong></span> <span class='ocrx_word' id='word_1_310' title='bbox 457 3338 514 3391; x_wconf 84' lang='lat' dir='ltr'><strong>tuis</strong></span> <span class='ocrx_word' id='word_1_311' title='bbox 532 3336 785 3394; x_wconf 83' lang='lat' dir='ltr'><strong>annotationibus,</strong></span> <span class='ocrx_word' id='word_1_312' title='bbox 802 3336 887 3389; x_wconf 88' lang='lat' dir='ltr'><strong>labor</strong></span> <span class='ocrx_word' id='word_1_313' title='bbox 904 3347 1032 3395; x_wconf 84' lang='lat' dir='ltr'><strong>estante</strong></span> <span class='ocrx_word' id='word_1_314' title='bbox 1050 3354 1115 3406; x_wconf 90' lang='lat' dir='ltr'><strong>me,</strong></span> 
     </span>
     <span class='ocr_line' id='line_1_35' title="bbox 85 3425 1114 3499; baseline 0 -15"><span class='ocrx_word' id='word_1_315' title='bbox 85 3441 101 3486; x_wconf 81' lang='lat' dir='ltr'><strong>it</strong></span> <span class='ocrx_word' id='word_1_316' title='bbox 125 3430 176 3484; x_wconf 90' lang='lat' dir='ltr'><strong>tibi</strong></span> <span class='ocrx_word' id='word_1_317' title='bbox 205 3431 342 3498; x_wconf 82' lang='lat' dir='ltr'><strong>credam,</strong></span> <span class='ocrx_word' id='word_1_318' title='bbox 370 3430 422 3482; x_wconf 90' lang='lat' dir='ltr'><strong>sed</strong></span> <span class='ocrx_word' id='word_1_319' title='bbox 449 3443 522 3481; x_wconf 91' lang='lat' dir='ltr'><strong>ecce</strong></span> <span class='ocrx_word' id='word_1_320' title='bbox 547 3426 656 3493; x_wconf 90' lang='lat' dir='ltr'><strong>credo,</strong></span> <span class='ocrx_word' id='word_1_321' title='bbox 681 3442 741 3479; x_wconf 90' lang='lat' dir='ltr'><strong>non</strong></span> <span class='ocrx_word' id='word_1_322' title='bbox 767 3425 946 3479; x_wconf 83' lang='lat' dir='ltr'><strong>satisfeceris</strong></span> <span class='ocrx_word' id='word_1_323' title='bbox 972 3427 1023 3482; x_wconf 89' lang='lat' dir='ltr'><strong>tibi</strong></span> <span class='ocrx_word' id='word_1_324' title='bbox 1049 3428 1114 3499; x_wconf 87' lang='lat' dir='ltr'><strong>ipsi.</strong></span> 
     </span>
     <span class='ocr_line' id='line_1_36' title="bbox 85 3515 1114 3593; baseline -0.003 -17"><span class='ocrx_word' id='word_1_325' title='bbox 85 3523 177 3593; x_wconf 76' lang='lat' dir='ltr'><strong>leque</strong></span> <span class='ocrx_word' id='word_1_326' title='bbox 193 3520 255 3576; x_wconf 89' lang='lat' dir='ltr'><strong>hoc</strong></span> <span class='ocrx_word' id='word_1_327' title='bbox 274 3520 440 3591; x_wconf 88' lang='lat' dir='ltr'><strong>quaeritur,</strong></span> <span class='ocrx_word' id='word_1_328' title='bbox 459 3533 514 3570; x_wconf 86' lang='lat' dir='ltr'><strong>nac</strong></span> <span class='ocrx_word' id='word_1_329' title='bbox 532 3517 641 3586; x_wconf 89' lang='lat' dir='ltr'><strong>petitur</strong></span> <span class='ocrx_word' id='word_1_330' title='bbox 654 3515 705 3568; x_wconf 90' lang='lat' dir='ltr'><strong>abs</strong></span> <span class='ocrx_word' id='word_1_331' title='bbox 720 3524 766 3582; x_wconf 92' lang='lat' dir='ltr'><strong>te,</strong></span> <span class='ocrx_word' id='word_1_332' title='bbox 784 3515 854 3585; x_wconf 88' lang='lat' dir='ltr'><strong>quin</strong></span> <span class='ocrx_word' id='word_1_333' title='bbox 869 3516 1006 3571; x_wconf 89' lang='lat' dir='ltr'><strong>volumus</strong></span> <span class='ocrx_word' id='word_1_334' title='bbox 1018 3518 1114 3573; x_wconf 90' lang='lat' dir='ltr'><strong>Paulo</strong></span> 
     </span>
     <span class='ocr_line' id='line_1_37' title="bbox 85 3604 1115 3688; baseline -0.002 -23"><span class='ocrx_word' id='word_1_335' title='bbox 85 3629 153 3666; x_wconf 87' lang='lat' dir='ltr'><strong>uain</strong></span> <span class='ocrx_word' id='word_1_336' title='bbox 171 3627 292 3683; x_wconf 90' lang='lat' dir='ltr'><strong>quoque</strong></span> <span class='ocrx_word' id='word_1_337' title='bbox 309 3611 430 3678; x_wconf 81' lang='lat' dir='ltr'><strong>gloriam</strong></span> <span class='ocrx_word' id='word_1_338' title='bbox 450 3609 578 3673; x_wconf 85' lang='lat' dir='ltr'><strong>salvam,</strong></span> <span class='ocrx_word' id='word_1_339' title='bbox 602 3623 639 3659; x_wconf 90' lang='lat' dir='ltr'><strong>ne</strong></span> <span class='ocrx_word' id='word_1_340' title='bbox 658 3606 773 3676; x_wconf 86' lang='lat' dir='ltr'><strong>quando</strong></span> <span class='ocrx_word' id='word_1_341' title='bbox 787 3604 879 3673; x_wconf 80' lang='lat' dir='ltr'><strong>jactet</strong></span> <span class='ocrx_word' id='word_1_342' title='bbox 896 3605 1017 3688; x_wconf 78' lang='lat' dir='ltr'><strong>aliquis,</strong></span> <span class='ocrx_word' id='word_1_343' title='bbox 1042 3607 1115 3664; x_wconf 88' lang='lat' dir='ltr'><strong>Phi.</strong></span> 
     </span>
     <span class='ocr_line' id='line_1_38' title="bbox 85 3694 1113 3774; baseline -0.005 -19"><span class='ocrx_word' id='word_1_344' title='bbox 85 3705 181 3774; x_wconf 87' lang='lat' dir='ltr'><strong>ippum</strong></span> <span class='ocrx_word' id='word_1_345' title='bbox 199 3717 265 3755; x_wconf 89' lang='lat' dir='ltr'><strong>esse</strong></span> <span class='ocrx_word' id='word_1_346' title='bbox 282 3698 375 3754; x_wconf 92' lang='lat' dir='ltr'><strong>Paulo</strong></span> <span class='ocrx_word' id='word_1_347' title='bbox 393 3699 574 3768; x_wconf 85' lang='lat' dir='ltr'><strong>superiorem</strong></span> <span class='ocrx_word' id='word_1_348' title='bbox 591 3696 639 3749; x_wconf 89' lang='lat' dir='ltr'><strong>vel</strong></span> <span class='ocrx_word' id='word_1_349' title='bbox 657 3694 826 3764; x_wconf 86' lang='lat' dir='ltr'><strong>aequalem,</strong></span> <span class='ocrx_word' id='word_1_350' title='bbox 856 3694 957 3749; x_wconf 87' lang='lat' dir='ltr'><strong>sufficit</strong></span> <span class='ocrx_word' id='word_1_351' title='bbox 976 3697 1026 3750; x_wconf 85' lang='lat' dir='ltr'><strong>ribi</strong></span> <span class='ocrx_word' id='word_1_352' title='bbox 1045 3716 1113 3768; x_wconf 92' lang='lat' dir='ltr'><strong>pro.</strong></span> 
     </span>
     <span class='ocr_line' id='line_1_39' title="bbox 85 3783 1114 3858; baseline -0.002 -13"><span class='ocrx_word' id='word_1_353' title='bbox 85 3793 184 3845; x_wconf 77' lang='lat' dir='ltr'><strong>imum</strong></span> <span class='ocrx_word' id='word_1_354' title='bbox 202 3790 293 3845; x_wconf 88' lang='lat' dir='ltr'><strong>Paulo</strong></span> <span class='ocrx_word' id='word_1_355' title='bbox 310 3805 387 3843; x_wconf 88' lang='lat' dir='ltr'><strong>esse.</strong></span> <span class='ocrx_word' id='word_1_356' title='bbox 421 3787 503 3843; x_wconf 89' lang='lat' dir='ltr'><strong>Nulli</strong></span> <span class='ocrx_word' id='word_1_357' title='bbox 522 3786 705 3852; x_wconf 76' lang='lat' dir='ltr'><strong>invidemuS,</strong></span> <span class='ocrx_word' id='word_1_358' title='bbox 727 3784 751 3838; x_wconf 88' lang='lat' dir='ltr'><strong>si</strong></span> <span class='ocrx_word' id='word_1_359' title='bbox 769 3783 893 3853; x_wconf 88' lang='lat' dir='ltr'><strong>propior</strong></span> <span class='ocrx_word' id='word_1_360' title='bbox 908 3784 969 3840; x_wconf 85' lang='lat' dir='ltr'><strong>fieri</strong></span> <span class='ocrx_word' id='word_1_361' title='bbox 987 3789 1114 3858; x_wconf 84' lang='lat' dir='ltr'><strong>poterit,</strong></span> 
     </span>
     <span class='ocr_line' id='line_1_40' title="bbox 85 3873 1119 3946; baseline -0.001 -11"><span class='ocrx_word' id='word_1_362' title='bbox 85 3882 180 3935; x_wconf 90' lang='lat' dir='ltr'><strong>cimus</strong></span> <span class='ocrx_word' id='word_1_363' title='bbox 199 3890 228 3934; x_wconf 90' lang='lat' dir='ltr'><strong>te</strong></span> <span class='ocrx_word' id='word_1_364' title='bbox 245 3879 315 3933; x_wconf 91' lang='lat' dir='ltr'><strong>nihil</strong></span> <span class='ocrx_word' id='word_1_365' title='bbox 334 3895 418 3946; x_wconf 84' lang='lat' dir='ltr'><strong>esse,</strong></span> <span class='ocrx_word' id='word_1_366' title='bbox 444 3891 545 3930; x_wconf 86' lang='lat' dir='ltr'><strong>rursus</strong></span> <span class='ocrx_word' id='word_1_367' title='bbox 562 3876 673 3929; x_wconf 88' lang='lat' dir='ltr'><strong>scimus</strong></span> <span class='ocrx_word' id='word_1_368' title='bbox 692 3873 841 3928; x_wconf 82' lang='lat' dir='ltr'><strong>Christum</strong></span> <span class='ocrx_word' id='word_1_369' title='bbox 859 3874 1001 3930; x_wconf 81' lang='lat' dir='ltr'><strong>omniain</strong></span> <span class='ocrx_word' id='word_1_370' title='bbox 1019 3883 1119 3934; x_wconf 61' lang='lat' dir='ltr'><strong>omni.»</strong></span> 
     </span>
     <span class='ocr_line' id='line_1_41' title="bbox 85 3965 1114 4047; baseline 0.002 -23"><span class='ocrx_word' id='word_1_371' title='bbox 85 3987 123 4026; x_wconf 86' lang='lat' dir='ltr'><strong>us</strong></span> <span class='ocrx_word' id='word_1_372' title='bbox 145 3987 230 4038; x_wconf 88' lang='lat' dir='ltr'><strong>esse,</strong></span> <span class='ocrx_word' id='word_1_373' title='bbox 259 3971 308 4041; x_wconf 89' lang='lat' dir='ltr'><strong>qui</strong></span> <span class='ocrx_word' id='word_1_374' title='bbox 334 3971 357 4024; x_wconf 89' lang='lat' dir='ltr'><strong>si</strong></span> <span class='ocrx_word' id='word_1_375' title='bbox 385 3985 438 4039; x_wconf 91' lang='lat' dir='ltr'><strong>per</strong></span> <span class='ocrx_word' id='word_1_376' title='bbox 463 3968 571 4021; x_wconf 84' lang='lat' dir='ltr'><strong>asinam</strong></span> <span class='ocrx_word' id='word_1_377' title='bbox 597 3981 680 4019; x_wconf 77' lang='lat' dir='ltr'><strong>stiam</strong></span> <span class='ocrx_word' id='word_1_378' title='bbox 705 3965 858 4047; x_wconf 89' lang='lat' dir='ltr'><strong>loquatur,</strong></span> <span class='ocrx_word' id='word_1_379' title='bbox 886 3966 1032 4036; x_wconf 85' lang='lat' dir='ltr'><strong>placebit,</strong></span> <span class='ocrx_word' id='word_1_380' title='bbox 1060 3986 1114 4026; x_wconf 88' lang='lat' dir='ltr'><strong>cur</strong></span> 
     </span>
    </p>
   </div>
   <div class='ocr_carea' id='block_1_3' title="bbox 0 0 1292 4724">
    <p class='ocr_par' dir='ltr' id='par_1_3' title="bbox 0 0 1292 4724">
     <span class='ocr_line' id='line_1_42' title="bbox 0 0 1292 4724; baseline 0 0"><span class='ocrx_word' id='word_1_381' title='bbox 0 0 1292 4724; x_wconf 95' lang='lat' dir='ltr'><strong> </strong></span> 
     </span>
    </p>
   </div>
  </div>
 </body>
</html>
