<?xml version="1.0" encoding="UTF-8"?>
<!DOCTYPE html PUBLIC "-//W3C//DTD XHTML 1.0 Transitional//EN"
    "http://www.w3.org/TR/xhtml1/DTD/xhtml1-transitional.dtd">
<html xmlns="http://www.w3.org/1999/xhtml" xml:lang="en" lang="en">
 <head>
  <title>
</title>
<meta http-equiv="Content-Type" content="text/html;charset=utf-8" />
  <meta name='ocr-system' content='tesseract 3.04.00' />
  <meta name='ocr-capabilities' content='ocr_page ocr_carea ocr_par ocr_line ocrx_word'/>
</head>
<body>
  <div class='ocr_page' id='page_1' title='image "./briefesendschre03luthgoog/briefesendschre03luthgoog_0030.png"; bbox 0 0 2586 4710; ppageno 0'>
   <div class='ocr_carea' id='block_1_1' title="bbox 519 268 1120 397">
    <p class='ocr_par' dir='ltr' id='par_1_1' title="bbox 519 268 1120 397">
     <span class='ocr_line' id='line_1_1' title="bbox 519 268 1120 397; baseline -0.005 -7"><span class='ocrx_word' id='word_1_1' title='bbox 519 268 523 275; x_wconf 52' lang='lat'><em>⁴</em></span> <span class='ocrx_word' id='word_1_2' title='bbox 547 323 636 390; x_wconf 75' lang='lat' dir='ltr'>astu</span> <span class='ocrx_word' id='word_1_3' title='bbox 1079 325 1120 397; x_wconf 81' lang='lat' dir='ltr'>ll</span> 
     </span>
    </p>
   </div>
   <div class='ocr_carea' id='block_1_2' title="bbox 64 474 1168 1090">
    <p class='ocr_par' dir='ltr' id='par_1_2' title="bbox 64 474 1168 1090">
     <span class='ocr_line' id='line_1_2' title="bbox 133 474 1123 550; baseline -0.001 -17"><span class='ocrx_word' id='word_1_4' title='bbox 133 474 264 533; x_wconf 83' lang='lat' dir='ltr'>Mamer</span> <span class='ocrx_word' id='word_1_5' title='bbox 279 485 369 534; x_wconf 87' lang='lat' dir='ltr'>tacet:</span> <span class='ocrx_word' id='word_1_6' title='bbox 388 478 459 550; x_wconf 71' lang='lat' dir='ltr'>quill</span> <span class='ocrx_word' id='word_1_7' title='bbox 475 478 572 548; x_wconf 82' lang='lat' dir='ltr'>Caper</span> <span class='ocrx_word' id='word_1_8' title='bbox 587 478 618 546; x_wconf 78' lang='lat'>&#39;)</span> <span class='ocrx_word' id='word_1_9' title='bbox 635 479 682 535; x_wconf 89' lang='lat' dir='ltr'>illa</span> <span class='ocrx_word' id='word_1_10' title='bbox 699 480 827 536; x_wconf 79' lang='lat' dir='ltr'>tacturus</span> <span class='ocrx_word' id='word_1_11' title='bbox 845 478 898 548; x_wconf 82' lang='lat' dir='ltr'>sit,</span> <span class='ocrx_word' id='word_1_12' title='bbox 915 479 1035 547; x_wconf 83' lang='lat' dir='ltr'>nescio,</span> <span class='ocrx_word' id='word_1_13' title='bbox 1063 480 1123 534; x_wconf 85' lang='lat' dir='ltr'>sor.</span> 
     </span>
     <span class='ocr_line' id='line_1_3' title="bbox 65 551 1168 637; baseline 0.002 -14"><span class='ocrx_word' id='word_1_14' title='bbox 65 569 157 623; x_wconf 83' lang='lat' dir='ltr'>tassis</span> <span class='ocrx_word' id='word_1_15' title='bbox 179 571 324 624; x_wconf 75' lang='lat' dir='ltr'>secumdara</span> <span class='ocrx_word' id='word_1_16' title='bbox 342 551 492 624; x_wconf 74' lang='lat' dir='ltr'>(lrtwinus</span> <span class='ocrx_word' id='word_1_17' title='bbox 509 567 553 634; x_wconf 70' lang='lat'>⁹⁸)</span> <span class='ocrx_word' id='word_1_18' title='bbox 579 570 701 625; x_wconf 84' lang='lat' dir='ltr'>iuturus.</span> <span class='ocrx_word' id='word_1_19' title='bbox 735 571 834 627; x_wconf 84' lang='lat' dir='ltr'>Unum</span> <span class='ocrx_word' id='word_1_20' title='bbox 858 589 918 626; x_wconf 87' lang='lat' dir='ltr'>uon</span> <span class='ocrx_word' id='word_1_21' title='bbox 944 573 1035 626; x_wconf 76' lang='lat' dir='ltr'>cretio</span> <span class='ocrx_word' id='word_1_22' title='bbox 1056 571 1123 637; x_wconf 88' lang='lat' dir='ltr'>tibi,</span> <span class='ocrx_word' id='word_1_23' title='bbox 1166 559 1168 565; x_wconf 73' lang='grc'><strong>’</strong></span> 
     </span>
     <span class='ocr_line' id='line_1_4' title="bbox 68 657 1125 732; baseline 0.002 -19"><span class='ocrx_word' id='word_1_24' title='bbox 68 674 179 729; x_wconf 80' lang='lat' dir='ltr'>nempe</span> <span class='ocrx_word' id='word_1_25' title='bbox 194 659 272 730; x_wconf 86' lang='lat' dir='ltr'>quod</span> <span class='ocrx_word' id='word_1_26' title='bbox 288 657 416 725; x_wconf 88' lang='lat' dir='ltr'>scribis,</span> <span class='ocrx_word' id='word_1_27' title='bbox 443 675 499 714; x_wconf 83' lang='lat' dir='ltr'>vos</span> <span class='ocrx_word' id='word_1_28' title='bbox 515 675 612 717; x_wconf 87' lang='lat' dir='ltr'>errare</span> <span class='ocrx_word' id='word_1_29' title='bbox 629 663 691 715; x_wconf 90' lang='lat' dir='ltr'>sine</span> <span class='ocrx_word' id='word_1_30' title='bbox 709 670 833 732; x_wconf 82' lang='lat' dir='ltr'><strong>pastore.</strong></span> <span class='ocrx_word' id='word_1_31' title='bbox 868 659 935 715; x_wconf 83' lang='lat' dir='ltr'>lloc</span> <span class='ocrx_word' id='word_1_32' title='bbox 950 661 1029 714; x_wconf 84' lang='lat' dir='ltr'>euim</span> <span class='ocrx_word' id='word_1_33' title='bbox 1046 670 1125 715; x_wconf 85' lang='lat' dir='ltr'>esset</span> 
     </span>
     <span class='ocr_line' id='line_1_5' title="bbox 68 747 1123 812; baseline -0.001 -9"><span class='ocrx_word' id='word_1_34' title='bbox 68 748 200 803; x_wconf 65' lang='lat' dir='ltr'>emaum</span> <span class='ocrx_word' id='word_1_35' title='bbox 216 748 412 802; x_wconf 81' lang='lat' dir='ltr'>tristissimum</span> <span class='ocrx_word' id='word_1_36' title='bbox 429 756 459 801; x_wconf 83' lang='lat' dir='ltr'>et</span> <span class='ocrx_word' id='word_1_37' title='bbox 474 747 695 805; x_wconf 86' lang='lat' dir='ltr'>acerbissimum</span> <span class='ocrx_word' id='word_1_38' title='bbox 712 749 818 805; x_wconf 88' lang='lat' dir='ltr'>auditu.</span> <span class='ocrx_word' id='word_1_39' title='bbox 852 749 962 805; x_wconf 86' lang='lat' dir='ltr'>Donec</span> <span class='ocrx_word' id='word_1_40' title='bbox 979 749 1057 802; x_wconf 88' lang='lat' dir='ltr'>euim</span> <span class='ocrx_word' id='word_1_41' title='bbox 1073 757 1123 812; x_wconf 85' lang='lat' dir='ltr'>tu,</span> 
     </span>
     <span class='ocr_line' id='line_1_6' title="bbox 66 835 1125 911; baseline 0.002 -20"><span class='ocrx_word' id='word_1_42' title='bbox 66 835 255 901; x_wconf 69' lang='lat' dir='ltr'>Amsdorlius</span> <span class='ocrx_word' id='word_1_43' title='bbox 282 847 312 891; x_wconf 90' lang='lat' dir='ltr'>et</span> <span class='ocrx_word' id='word_1_44' title='bbox 336 837 381 892; x_wconf 88' lang='lat' dir='ltr'>alii</span> <span class='ocrx_word' id='word_1_45' title='bbox 407 837 532 905; x_wconf 88' lang='lat' dir='ltr'>adestis,</span> <span class='ocrx_word' id='word_1_46' title='bbox 566 839 629 906; x_wconf 85' lang='lat' dir='ltr'>sine</span> <span class='ocrx_word' id='word_1_47' title='bbox 649 848 766 911; x_wconf 86' lang='lat' dir='ltr'>pastore</span> <span class='ocrx_word' id='word_1_48' title='bbox 789 855 849 894; x_wconf 89' lang='lat' dir='ltr'>uon</span> <span class='ocrx_word' id='word_1_49' title='bbox 876 839 953 893; x_wconf 86' lang='lat' dir='ltr'>estis.</span> <span class='ocrx_word' id='word_1_50' title='bbox 987 837 1058 894; x_wconf 88' lang='lat' dir='ltr'>Noli</span> <span class='ocrx_word' id='word_1_51' title='bbox 1081 839 1125 893; x_wconf 83' lang='lat' dir='ltr'>sic</span> 
     </span>
     <span class='ocr_line' id='line_1_7' title="bbox 64 924 1124 998; baseline 0 -13"><span class='ocrx_word' id='word_1_52' title='bbox 64 924 168 997; x_wconf 78' lang='lat' dir='ltr'>loqui,</span> <span class='ocrx_word' id='word_1_53' title='bbox 184 944 225 981; x_wconf 87' lang='lat' dir='ltr'>ue</span> <span class='ocrx_word' id='word_1_54' title='bbox 243 927 329 981; x_wconf 85' lang='lat' dir='ltr'>Deus</span> <span class='ocrx_word' id='word_1_55' title='bbox 346 928 485 983; x_wconf 76' lang='lat' dir='ltr'>irascatur</span> <span class='ocrx_word' id='word_1_56' title='bbox 502 937 530 981; x_wconf 89' lang='lat' dir='ltr'>et</span> <span class='ocrx_word' id='word_1_57' title='bbox 546 929 647 998; x_wconf 75' lang='lat' dir='ltr'>ingrati</span> <span class='ocrx_word' id='word_1_58' title='bbox 664 929 856 984; x_wconf 77' lang='lat' dir='ltr'><strong>inveniamur.</strong></span> <span class='ocrx_word' id='word_1_59' title='bbox 891 928 920 983; x_wconf 94' lang='lat'>0</span> <span class='ocrx_word' id='word_1_60' title='bbox 938 928 1047 983; x_wconf 88' lang='lat' dir='ltr'>utinam</span> <span class='ocrx_word' id='word_1_61' title='bbox 1059 944 1124 985; x_wconf 86' lang='lat' dir='ltr'>om-</span> 
     </span>
     <span class='ocr_line' id='line_1_8' title="bbox 64 1015 1123 1090; baseline 0.003 -18"><span class='ocrx_word' id='word_1_62' title='bbox 64 1031 119 1072; x_wconf 80' lang='lat' dir='ltr'>ues</span> <span class='ocrx_word' id='word_1_63' title='bbox 135 1015 280 1071; x_wconf 84' lang='lat' dir='ltr'>eeclesiae</span> <span class='ocrx_word' id='word_1_64' title='bbox 297 1016 402 1072; x_wconf 85' lang='lat' dir='ltr'>saltem</span> <span class='ocrx_word' id='word_1_65' title='bbox 419 1017 586 1088; x_wconf 76' lang='lat' dir='ltr'>collegiatae</span> <span class='ocrx_word' id='word_1_66' title='bbox 602 1017 746 1079; x_wconf 80' lang='lat' dir='ltr'>haberent</span> <span class='ocrx_word' id='word_1_67' title='bbox 763 1029 894 1089; x_wconf 86' lang='lat' dir='ltr'>quartam</span> <span class='ocrx_word' id='word_1_68' title='bbox 911 1019 1000 1072; x_wconf 86' lang='lat' dir='ltr'>vestri</span> <span class='ocrx_word' id='word_1_69' title='bbox 1012 1028 1123 1090; x_wconf 82' lang='lat' dir='ltr'>partem</span> 
     </span>
    </p>
   </div>
   <div class='ocr_carea' id='block_1_3' title="bbox 9 1104 1124 1259">
    <p class='ocr_par' dir='ltr' id='par_1_3' title="bbox 9 1104 1124 1259">
     <span class='ocr_line' id='line_1_9' title="bbox 9 1104 1124 1183; baseline -0.004 -20"><span class='ocrx_word' id='word_1_70' title='bbox 9 1168 12 1183; x_wconf 43' lang='grc' dir='ltr'>ι</span> <span class='ocrx_word' id='word_1_71' title='bbox 64 1106 97 1163; x_wconf 86' lang='lat' dir='ltr'>iu</span> <span class='ocrx_word' id='word_1_72' title='bbox 115 1104 213 1171; x_wconf 65' lang='lat' dir='ltr'>aerbo</span> <span class='ocrx_word' id='word_1_73' title='bbox 230 1106 373 1177; x_wconf 82' lang='lat' dir='ltr'>verbique</span> <span class='ocrx_word' id='word_1_74' title='bbox 390 1106 538 1162; x_wconf 82' lang='lat' dir='ltr'>ministris.</span> <span class='ocrx_word' id='word_1_75' title='bbox 570 1109 656 1176; x_wconf 78' lang='lat' dir='ltr'>Agite</span> <span class='ocrx_word' id='word_1_76' title='bbox 672 1108 775 1177; x_wconf 77' lang='lat' dir='ltr'>gratias</span> <span class='ocrx_word' id='word_1_77' title='bbox 793 1107 939 1174; x_wconf 84' lang='lat' dir='ltr'>Domino,</span> <span class='ocrx_word' id='word_1_78' title='bbox 956 1107 1006 1178; x_wconf 92' lang='lat' dir='ltr'>qui</span> <span class='ocrx_word' id='word_1_79' title='bbox 1022 1106 1124 1172; x_wconf 79' lang='lat' dir='ltr'>illumi·</span> 
     </span>
     <span class='ocr_line' id='line_1_10' title="bbox 9 1194 579 1259; baseline 0.011 -12"><span class='ocrx_word' id='word_1_80' title='bbox 9 1210 11 1217; x_wconf 92' lang='lat'>·</span> <span class='ocrx_word' id='word_1_81' title='bbox 46 1194 155 1252; x_wconf 81' lang='lat' dir='ltr'>·navit</span> <span class='ocrx_word' id='word_1_82' title='bbox 169 1212 237 1251; x_wconf 87' lang='lat' dir='ltr'>vos.</span> <span class='ocrx_word' id='word_1_83' title='bbox 271 1194 351 1250; x_wconf 79' lang='lat' dir='ltr'>Ecce</span> <span class='ocrx_word' id='word_1_84' title='bbox 368 1195 514 1259; x_wconf 73' lang='lat' dir='ltr'>verbosus</span> <span class='ocrx_word' id='word_1_85' title='bbox 530 1198 579 1253; x_wconf 86' lang='lat' dir='ltr'>tui.</span> 
     </span>
    </p>
   </div>
   <div class='ocr_carea' id='block_1_4' title="bbox 63 1285 1150 2256">
    <p class='ocr_par' dir='ltr' id='par_1_4' title="bbox 63 1285 1125 1807">
     <span class='ocr_line' id='line_1_11' title="bbox 129 1285 1122 1356; baseline -0.003 -13"><span class='ocrx_word' id='word_1_86' title='bbox 129 1285 237 1351; x_wconf 77' lang='lat' dir='ltr'>Fertur</span> <span class='ocrx_word' id='word_1_87' title='bbox 259 1285 389 1342; x_wconf 86' lang='lat' dir='ltr'>Galerita</span> <span class='ocrx_word' id='word_1_88' title='bbox 415 1286 609 1356; x_wconf 74' lang='lat' dir='ltr'>Mogontinus</span> <span class='ocrx_word' id='word_1_89' title='bbox 631 1287 733 1343; x_wconf 84' lang='lat' dir='ltr'>hostes</span> <span class='ocrx_word' id='word_1_90' title='bbox 756 1288 786 1343; x_wconf 89' lang='lat' dir='ltr'>in</span> <span class='ocrx_word' id='word_1_91' title='bbox 813 1304 845 1343; x_wconf 87' lang='lat' dir='ltr'>se</span> <span class='ocrx_word' id='word_1_92' title='bbox 868 1287 983 1355; x_wconf 87' lang='lat' dir='ltr'>juratos</span> <span class='ocrx_word' id='word_1_93' title='bbox 1011 1285 1122 1340; x_wconf 87' lang='lat' dir='ltr'>habers</span> 
     </span>
     <span class='ocr_line' id='line_1_12' title="bbox 66 1374 1125 1446; baseline 0.004 -18"><span class='ocrx_word' id='word_1_94' title='bbox 66 1378 150 1442; x_wconf 70' lang='lat' dir='ltr'>m),</span> <span class='ocrx_word' id='word_1_95' title='bbox 167 1386 198 1430; x_wconf 84' lang='lat' dir='ltr'>et</span> <span class='ocrx_word' id='word_1_96' title='bbox 214 1376 259 1431; x_wconf 89' lang='lat' dir='ltr'>D.</span> <span class='ocrx_word' id='word_1_97' title='bbox 276 1376 388 1430; x_wconf 84' lang='lat' dir='ltr'>Schilcr</span> <span class='ocrx_word' id='word_1_98' title='bbox 405 1374 466 1442; x_wconf 58' lang='grc' dir='ltr'>Μ)</span> <span class='ocrx_word' id='word_1_99' title='bbox 484 1376 557 1432; x_wconf 81' lang='lat' dir='ltr'>febri</span> <span class='ocrx_word' id='word_1_100' title='bbox 573 1377 653 1446; x_wconf 83' lang='lat' dir='ltr'>gravi</span> <span class='ocrx_word' id='word_1_101' title='bbox 674 1377 826 1432; x_wconf 83' lang='lat' dir='ltr'>laborare:</span> <span class='ocrx_word' id='word_1_102' title='bbox 855 1377 900 1432; x_wconf 90' lang='lat' dir='ltr'>alii</span> <span class='ocrx_word' id='word_1_103' title='bbox 917 1387 1066 1431; x_wconf 84' lang='lat' dir='ltr'>mortuum</span> <span class='ocrx_word' id='word_1_104' title='bbox 1083 1377 1125 1432; x_wconf 83' lang='lat' dir='ltr'>‹li-</span> 
     </span>
     <span class='ocr_line' id='line_1_13' title="bbox 64 1463 1124 1537; baseline 0.002 -19"><span class='ocrx_word' id='word_1_105' title='bbox 64 1476 142 1518; x_wconf 84' lang='lat' dir='ltr'>cunt.</span> <span class='ocrx_word' id='word_1_106' title='bbox 181 1463 294 1519; x_wconf 78' lang='lat' dir='ltr'>Cecidit</span> <span class='ocrx_word' id='word_1_107' title='bbox 312 1464 478 1536; x_wconf 85' lang='lat' dir='ltr'>Episcopus</span> <span class='ocrx_word' id='word_1_108' title='bbox 495 1467 631 1535; x_wconf 87' lang='lat' dir='ltr'>quidem,</span> <span class='ocrx_word' id='word_1_109' title='bbox 655 1465 715 1521; x_wconf 91' lang='lat' dir='ltr'>hoc</span> <span class='ocrx_word' id='word_1_110' title='bbox 732 1475 798 1534; x_wconf 88' lang='lat' dir='ltr'>est,</span> <span class='ocrx_word' id='word_1_111' title='bbox 824 1467 906 1537; x_wconf 88' lang='lat' dir='ltr'>periit</span> <span class='ocrx_word' id='word_1_112' title='bbox 923 1466 1124 1530; x_wconf 85' lang='lat' dir='ltr'>ll&#39;ormatiae,</span> 
     </span>
     <span class='ocr_line' id='line_1_14' title="bbox 63 1555 1124 1623; baseline -0.001 -12"><span class='ocrx_word' id='word_1_113' title='bbox 63 1555 215 1623; x_wconf 79' lang='lat' dir='ltr'>insigniter</span> <span class='ocrx_word' id='word_1_114' title='bbox 231 1555 364 1610; x_wconf 86' lang='lat' dir='ltr'>Luthero</span> <span class='ocrx_word' id='word_1_115' title='bbox 380 1556 520 1610; x_wconf 78' lang='lat' dir='ltr'>infensus.</span> <span class='ocrx_word' id='word_1_116' title='bbox 555 1555 643 1610; x_wconf 91' lang='lat' dir='ltr'>Plura</span> <span class='ocrx_word' id='word_1_117' title='bbox 666 1574 727 1612; x_wconf 87' lang='lat' dir='ltr'>uon</span> <span class='ocrx_word' id='word_1_118' title='bbox 743 1556 860 1623; x_wconf 87' lang='lat' dir='ltr'>habeo,</span> <span class='ocrx_word' id='word_1_119' title='bbox 886 1572 955 1610; x_wconf 89' lang='lat' dir='ltr'>cum</span> <span class='ocrx_word' id='word_1_120' title='bbox 980 1557 1035 1610; x_wconf 85' lang='lat' dir='ltr'>sim</span> <span class='ocrx_word' id='word_1_121' title='bbox 1060 1572 1124 1610; x_wconf 85' lang='lat' dir='ltr'>ere.</span> 
     </span>
     <span class='ocr_line' id='line_1_15' title="bbox 65 1645 1121 1718; baseline 0 -20"><span class='ocrx_word' id='word_1_122' title='bbox 65 1646 152 1710; x_wconf 85' lang='lat' dir='ltr'>mita,</span> <span class='ocrx_word' id='word_1_123' title='bbox 169 1645 357 1710; x_wconf 84' lang='lat' dir='ltr'>anachorita,</span> <span class='ocrx_word' id='word_1_124' title='bbox 375 1662 503 1717; x_wconf 83' lang='lat' dir='ltr'>vereque</span> <span class='ocrx_word' id='word_1_125' title='bbox 520 1645 704 1713; x_wconf 88' lang='lat' dir='ltr'>monachus,</span> <span class='ocrx_word' id='word_1_126' title='bbox 720 1647 774 1702; x_wconf 87' lang='lat' dir='ltr'>sed</span> <span class='ocrx_word' id='word_1_127' title='bbox 790 1663 888 1718; x_wconf 85' lang='lat' dir='ltr'>neque</span> <span class='ocrx_word' id='word_1_128' title='bbox 905 1662 1007 1701; x_wconf 84' lang='lat' dir='ltr'>rasura</span> <span class='ocrx_word' id='word_1_129' title='bbox 1023 1660 1121 1717; x_wconf 87' lang='lat' dir='ltr'>oeque</span> 
     </span>
     <span class='ocr_line' id='line_1_16' title="bbox 63 1736 867 1807; baseline 0.002 -19"><span class='ocrx_word' id='word_1_130' title='bbox 63 1747 166 1790; x_wconf 82' lang='lat' dir='ltr'>veste:</span> <span class='ocrx_word' id='word_1_131' title='bbox 184 1736 316 1807; x_wconf 84' lang='lat' dir='ltr'>equitem</span> <span class='ocrx_word' id='word_1_132' title='bbox 333 1736 447 1790; x_wconf 75' lang='lat' dir='ltr'>videres</span> <span class='ocrx_word' id='word_1_133' title='bbox 457 1775 466 1802; x_wconf 92' lang='lat'>,</span> <span class='ocrx_word' id='word_1_134' title='bbox 484 1753 517 1790; x_wconf 88' lang='lat' dir='ltr'>ac</span> <span class='ocrx_word' id='word_1_135' title='bbox 533 1737 594 1806; x_wconf 85' lang='lat' dir='ltr'>ipse</span> <span class='ocrx_word' id='word_1_136' title='bbox 611 1738 661 1791; x_wconf 83' lang='lat' dir='ltr'>vix</span> <span class='ocrx_word' id='word_1_137' title='bbox 680 1753 867 1805; x_wconf 77' lang='lat' dir='ltr'>agnosceres.</span> 
     </span>
    </p>

    <p class='ocr_par' dir='ltr' id='par_1_5' title="bbox 65 1824 1150 2256">
     <span class='ocr_line' id='line_1_17' title="bbox 125 1824 1150 1897; baseline -0.005 -17"><span class='ocrx_word' id='word_1_138' title='bbox 125 1824 487 1893; x_wconf 80' lang='lat' dir='ltr'>DicAmsdorlio,etiau1</span> <span class='ocrx_word' id='word_1_139' title='bbox 505 1835 653 1897; x_wconf 84' lang='lat' dir='ltr'>pastorem</span> <span class='ocrx_word' id='word_1_140' title='bbox 674 1825 906 1881; x_wconf 81' lang='lat' dir='ltr'>Hirsfeldensem</span> <span class='ocrx_word' id='word_1_141' title='bbox 923 1826 1065 1896; x_wconf 86' lang='lat' dir='ltr'>optimum</span> <span class='ocrx_word' id='word_1_142' title='bbox 1082 1825 1125 1878; x_wconf 90' lang='lat' dir='ltr'>vi.</span> <span class='ocrx_word' id='word_1_143' title='bbox 1146 1868 1150 1875; x_wconf 91' lang='lat'>.</span> 
     </span>
     <span class='ocr_line' id='line_1_18' title="bbox 65 1913 1125 1981; baseline -0.001 -13"><span class='ocrx_word' id='word_1_144' title='bbox 65 1930 149 1981; x_wconf 84' lang='lat' dir='ltr'>ram,</span> <span class='ocrx_word' id='word_1_145' title='bbox 182 1915 259 1968; x_wconf 78' lang='lat' dir='ltr'>fama</span> <span class='ocrx_word' id='word_1_146' title='bbox 282 1915 418 1979; x_wconf 79' lang='lat' dir='ltr'>volante,</span> <span class='ocrx_word' id='word_1_147' title='bbox 447 1915 568 1970; x_wconf 81' lang='lat' dir='ltr'>‹ltrxisse</span> <span class='ocrx_word' id='word_1_148' title='bbox 593 1931 740 1970; x_wconf 87' lang='lat' dir='ltr'>uxorem:</span> <span class='ocrx_word' id='word_1_149' title='bbox 767 1932 805 1970; x_wconf 85' lang='lat' dir='ltr'>ne</span> <span class='ocrx_word' id='word_1_150' title='bbox 831 1931 887 1969; x_wconf 87' lang='lat' dir='ltr'>vos</span> <span class='ocrx_word' id='word_1_151' title='bbox 912 1915 967 1969; x_wconf 89' lang='lat' dir='ltr'>soli</span> <span class='ocrx_word' id='word_1_152' title='bbox 992 1913 1125 1967; x_wconf 79' lang='lat' dir='ltr'>habeatis</span> 
     </span>
     <span class='ocr_line' id='line_1_19' title="bbox 66 1999 1122 2077; baseline -0.004 -17"><span class='ocrx_word' id='word_1_153' title='bbox 66 2003 272 2077; x_wconf 83' lang='lat' dir='ltr'>Praepositum</span> <span class='ocrx_word' id='word_1_154' title='bbox 288 2014 419 2061; x_wconf 77' lang='lat' dir='ltr'>vestrum</span> <span class='ocrx_word' id='word_1_155' title='bbox 437 2022 626 2075; x_wconf 79' lang='lat' dir='ltr'>ncogamum:</span> <span class='ocrx_word' id='word_1_156' title='bbox 656 2005 779 2073; x_wconf 85' lang='lat' dir='ltr'>deinde,</span> <span class='ocrx_word' id='word_1_157' title='bbox 795 2015 828 2060; x_wconf 94' lang='lat' dir='ltr'>ut</span> <span class='ocrx_word' id='word_1_158' title='bbox 843 2006 933 2070; x_wconf 84' lang='lat' dir='ltr'>ierat,</span> <span class='ocrx_word' id='word_1_159' title='bbox 958 2005 1038 2058; x_wconf 88' lang='lat' dir='ltr'>illum</span> <span class='ocrx_word' id='word_1_160' title='bbox 1064 1999 1122 2057; x_wconf 84' lang='lat' dir='ltr'>sili</span> 
     </span>
     <span class='ocr_line' id='line_1_20' title="bbox 68 2091 1124 2167; baseline -0.001 -19"><span class='ocrx_word' id='word_1_161' title='bbox 68 2109 131 2148; x_wconf 84' lang='lat' dir='ltr'>ease</span> <span class='ocrx_word' id='word_1_162' title='bbox 155 2096 186 2150; x_wconf 87' lang='lat' dir='ltr'>iu</span> <span class='ocrx_word' id='word_1_163' title='bbox 208 2094 291 2150; x_wconf 86' lang='lat' dir='ltr'>Petri</span> <span class='ocrx_word' id='word_1_164' title='bbox 316 2094 419 2166; x_wconf 85' lang='lat' dir='ltr'>Lupini</span> <span class='ocrx_word' id='word_1_165' title='bbox 443 2095 542 2150; x_wconf 86' lang='lat' dir='ltr'>locum</span> <span class='ocrx_word' id='word_1_166' title='bbox 566 2106 779 2167; x_wconf 81' lang='lat' dir='ltr'>praerogatum.</span> <span class='ocrx_word' id='word_1_167' title='bbox 814 2094 845 2149; x_wconf 89' lang='grc' dir='ltr'><strong>Ο</strong></span> <span class='ocrx_word' id='word_1_168' title='bbox 861 2093 908 2148; x_wconf 90' lang='lat' dir='ltr'>lilii</span> <span class='ocrx_word' id='word_1_169' title='bbox 927 2093 1032 2147; x_wconf 78' lang='lat' dir='ltr'>Adam.</span> <span class='ocrx_word' id='word_1_170' title='bbox 1067 2091 1124 2147; x_wconf 62' lang='lat' dir='ltr'>ssd</span> 
     </span>
     <span class='ocr_line' id='line_1_21' title="bbox 68 2182 1123 2256; baseline 0.001 -20"><span class='ocrx_word' id='word_1_171' title='bbox 68 2182 161 2253; x_wconf 80' lang='lat' dir='ltr'>berte,</span> <span class='ocrx_word' id='word_1_172' title='bbox 189 2185 271 2256; x_wconf 84' lang='lat' dir='ltr'>quod</span> <span class='ocrx_word' id='word_1_173' title='bbox 295 2185 408 2253; x_wconf 85' lang='lat' dir='ltr'>iuteger</span> <span class='ocrx_word' id='word_1_174' title='bbox 438 2196 466 2240; x_wconf 86' lang='lat' dir='ltr'>et</span> <span class='ocrx_word' id='word_1_175' title='bbox 490 2184 563 2241; x_wconf 83' lang='lat' dir='ltr'>liber</span> <span class='ocrx_word' id='word_1_176' title='bbox 588 2186 651 2255; x_wconf 87' lang='lat' dir='ltr'>ejus</span> <span class='ocrx_word' id='word_1_177' title='bbox 676 2186 792 2254; x_wconf 91' lang='lat' dir='ltr'>spiritus</span> <span class='ocrx_word' id='word_1_178' title='bbox 817 2200 904 2237; x_wconf 80' lang='lat' dir='ltr'>caraea</span> <span class='ocrx_word' id='word_1_179' title='bbox 933 2183 960 2236; x_wconf 85' lang='lat' dir='ltr'>ei</span> <span class='ocrx_word' id='word_1_180' title='bbox 985 2192 1029 2236; x_wconf 85' lang='lat' dir='ltr'>est</span> <span class='ocrx_word' id='word_1_181' title='bbox 1052 2182 1123 2238; x_wconf 90' lang='lat' dir='ltr'>tanti</span> 
     </span>
    </p>
   </div>
   <div class='ocr_carea' id='block_1_5' title="bbox 12 2270 1123 2345">
    <p class='ocr_par' dir='ltr' id='par_1_6' title="bbox 12 2270 1123 2345">
     <span class='ocr_line' id='line_1_22' title="bbox 12 2270 1123 2345; baseline 0 -20"><span class='ocrx_word' id='word_1_182' title='bbox 12 2274 17 2281; x_wconf 83' lang='lat'><em>‘</em></span> <span class='ocrx_word' id='word_1_183' title='bbox 68 2273 177 2328; x_wconf 81' lang='lat' dir='ltr'>damni:</span> <span class='ocrx_word' id='word_1_184' title='bbox 202 2273 245 2329; x_wconf 91' lang='lat' dir='ltr'>illi</span> <span class='ocrx_word' id='word_1_185' title='bbox 262 2284 363 2329; x_wconf 86' lang='lat' dir='ltr'>contra</span> <span class='ocrx_word' id='word_1_186' title='bbox 381 2273 452 2331; x_wconf 89' lang='lat' dir='ltr'>alius</span> <span class='ocrx_word' id='word_1_187' title='bbox 469 2274 583 2345; x_wconf 86' lang='lat' dir='ltr'>spiritus</span> <span class='ocrx_word' id='word_1_188' title='bbox 599 2274 668 2328; x_wconf 89' lang='lat' dir='ltr'>tanti</span> <span class='ocrx_word' id='word_1_189' title='bbox 686 2273 874 2327; x_wconf 85' lang='lat' dir='ltr'>lucricausa.</span> <span class='ocrx_word' id='word_1_190' title='bbox 910 2270 1038 2324; x_wconf 84' lang='lat' dir='ltr'>Occulta</span> <span class='ocrx_word' id='word_1_191' title='bbox 1055 2279 1123 2325; x_wconf 88' lang='lat' dir='ltr'>suut</span> 
     </span>
    </p>
   </div>
   <div class='ocr_carea' id='block_1_6' title="bbox 65 2359 1146 3578">
    <p class='ocr_par' dir='ltr' id='par_1_7' title="bbox 68 2359 1122 2792">
     <span class='ocr_line' id='line_1_23' title="bbox 68 2359 1122 2428; baseline -0.001 -14"><span class='ocrx_word' id='word_1_192' title='bbox 68 2374 162 2417; x_wconf 83' lang='lat' dir='ltr'>nostra</span> <span class='ocrx_word' id='word_1_193' title='bbox 194 2363 318 2428; x_wconf 87' lang='lat' dir='ltr'>merita,</span> <span class='ocrx_word' id='word_1_194' title='bbox 352 2364 403 2417; x_wconf 84' lang='lat' dir='ltr'>sed</span> <span class='ocrx_word' id='word_1_195' title='bbox 431 2363 591 2417; x_wconf 86' lang='lat' dir='ltr'>distributa.</span> <span class='ocrx_word' id='word_1_196' title='bbox 632 2360 767 2418; x_wconf 87' lang='lat' dir='ltr'>Praemia</span> <span class='ocrx_word' id='word_1_197' title='bbox 796 2361 911 2416; x_wconf 84' lang='lat' dir='ltr'>tandem</span> <span class='ocrx_word' id='word_1_198' title='bbox 938 2359 1122 2413; x_wconf 83' lang='lat' dir='ltr'>manifestant</span> 
     </span>
     <span class='ocr_line' id='line_1_24' title="bbox 70 2451 1120 2525; baseline -0.006 -19"><span class='ocrx_word' id='word_1_199' title='bbox 70 2454 183 2508; x_wconf 86' lang='lat' dir='ltr'>consilia</span> <span class='ocrx_word' id='word_1_200' title='bbox 200 2454 345 2517; x_wconf 86' lang='lat' dir='ltr'>cordium.</span> <span class='ocrx_word' id='word_1_201' title='bbox 380 2452 440 2509; x_wconf 90' lang='lat' dir='ltr'>Pro</span> <span class='ocrx_word' id='word_1_202' title='bbox 460 2454 629 2525; x_wconf 85' lang='lat' dir='ltr'>Praeposito</span> <span class='ocrx_word' id='word_1_203' title='bbox 647 2451 852 2507; x_wconf 83' lang='lat' dir='ltr'>Cameraceosi</span> <span class='ocrx_word' id='word_1_204' title='bbox 869 2461 987 2515; x_wconf 80' lang='lat' dir='ltr'>metuo,</span> <span class='ocrx_word' id='word_1_205' title='bbox 1011 2467 1048 2503; x_wconf 85' lang='lat' dir='ltr'>ne</span> <span class='ocrx_word' id='word_1_206' title='bbox 1066 2465 1120 2503; x_wconf 88' lang='lat' dir='ltr'>ex.</span> 
     </span>
     <span class='ocr_line' id='line_1_25' title="bbox 72 2539 1122 2615; baseline 0.001 -22"><span class='ocrx_word' id='word_1_207' title='bbox 72 2543 203 2612; x_wconf 85' lang='lat' dir='ltr'>pellatur,</span> <span class='ocrx_word' id='word_1_208' title='bbox 221 2551 309 2614; x_wconf 86' lang='lat' dir='ltr'>atque</span> <span class='ocrx_word' id='word_1_209' title='bbox 326 2553 386 2596; x_wconf 87' lang='lat' dir='ltr'>tum</span> <span class='ocrx_word' id='word_1_210' title='bbox 405 2542 493 2615; x_wconf 89' lang='lat' dir='ltr'>duplo</span> <span class='ocrx_word' id='word_1_211' title='bbox 511 2551 595 2612; x_wconf 87' lang='lat' dir='ltr'>egeat</span> <span class='ocrx_word' id='word_1_212' title='bbox 612 2552 735 2609; x_wconf 89' lang='lat' dir='ltr'>ventre,</span> <span class='ocrx_word' id='word_1_213' title='bbox 761 2550 789 2596; x_wconf 89' lang='lat' dir='ltr'>et</span> <span class='ocrx_word' id='word_1_214' title='bbox 806 2551 951 2613; x_wconf 86' lang='lat' dir='ltr'>quotquot</span> <span class='ocrx_word' id='word_1_215' title='bbox 966 2539 1033 2595; x_wconf 84' lang='lat' dir='ltr'>inde</span> <span class='ocrx_word' id='word_1_216' title='bbox 1050 2555 1122 2594; x_wconf 84' lang='lat' dir='ltr'>vett.</span> 
     </span>
     <span class='ocr_line' id='line_1_26' title="bbox 72 2629 1122 2704; baseline -0.002 -20"><span class='ocrx_word' id='word_1_217' title='bbox 72 2640 122 2685; x_wconf 75' lang='lat' dir='ltr'>uss</span> <span class='ocrx_word' id='word_1_218' title='bbox 145 2633 358 2704; x_wconf 73' lang='lat' dir='ltr'>processerint:</span> <span class='ocrx_word' id='word_1_219' title='bbox 387 2631 439 2686; x_wconf 78' lang='lat' dir='ltr'>serl</span> <span class='ocrx_word' id='word_1_220' title='bbox 466 2631 552 2685; x_wconf 87' lang='lat' dir='ltr'>tidem</span> <span class='ocrx_word' id='word_1_221' title='bbox 576 2632 600 2687; x_wconf 89' lang='lat' dir='ltr'>si</span> <span class='ocrx_word' id='word_1_222' title='bbox 622 2630 729 2697; x_wconf 86' lang='lat' dir='ltr'>habet,</span> <span class='ocrx_word' id='word_1_223' title='bbox 752 2629 902 2685; x_wconf 88' lang='lat' dir='ltr'>Dominus</span> <span class='ocrx_word' id='word_1_224' title='bbox 926 2630 996 2685; x_wconf 78' lang='lat' dir='ltr'>vivit</span> <span class='ocrx_word' id='word_1_225' title='bbox 1020 2641 1122 2699; x_wconf 84' lang='lat' dir='ltr'>pastor</span> 
     </span>
     <span class='ocr_line' id='line_1_27' title="bbox 75 2719 666 2792; baseline 0 -18"><span class='ocrx_word' id='word_1_226' title='bbox 75 2720 216 2787; x_wconf 69' lang='lat' dir='ltr'>mnium,</span> <span class='ocrx_word' id='word_1_227' title='bbox 233 2737 289 2790; x_wconf 84' lang='lat' dir='ltr'>per</span> <span class='ocrx_word' id='word_1_228' title='bbox 306 2737 395 2792; x_wconf 87' lang='lat' dir='ltr'>quem</span> <span class='ocrx_word' id='word_1_229' title='bbox 414 2736 468 2775; x_wconf 88' lang='lat' dir='ltr'>nec</span> <span class='ocrx_word' id='word_1_230' title='bbox 487 2719 546 2774; x_wconf 86' lang='lat' dir='ltr'>ales</span> <span class='ocrx_word' id='word_1_231' title='bbox 564 2721 666 2774; x_wconf 84' lang='lat' dir='ltr'>esurit.</span> 
     </span>
    </p>

    <p class='ocr_par' dir='ltr' id='par_1_8' title="bbox 65 2807 1146 3578">
     <span class='ocr_line' id='line_1_28' title="bbox 128 2807 1120 2887; baseline -0.002 -20"><span class='ocrx_word' id='word_1_232' title='bbox 128 2810 176 2867; x_wconf 86' lang='lat' dir='ltr'>Tu</span> <span class='ocrx_word' id='word_1_233' title='bbox 193 2827 264 2871; x_wconf 84' lang='lat' dir='ltr'>eum</span> <span class='ocrx_word' id='word_1_234' title='bbox 281 2810 417 2867; x_wconf 87' lang='lat' dir='ltr'>salutabis</span> <span class='ocrx_word' id='word_1_235' title='bbox 444 2821 472 2866; x_wconf 91' lang='lat' dir='ltr'>ct</span> <span class='ocrx_word' id='word_1_236' title='bbox 490 2809 673 2865; x_wconf 75' lang='lat' dir='ltr'>hortabaris:</span> <span class='ocrx_word' id='word_1_237' title='bbox 703 2818 731 2864; x_wconf 88' lang='lat' dir='ltr'>ct</span> <span class='ocrx_word' id='word_1_238' title='bbox 756 2818 783 2864; x_wconf 87' lang='lat' dir='ltr'>te</span> <span class='ocrx_word' id='word_1_239' title='bbox 808 2826 927 2887; x_wconf 81' lang='lat' dir='ltr'>qaroque</span> <span class='ocrx_word' id='word_1_240' title='bbox 952 2807 1024 2864; x_wconf 88' lang='lat' dir='ltr'>volo</span> <span class='ocrx_word' id='word_1_241' title='bbox 1050 2825 1120 2865; x_wconf 83' lang='lat' dir='ltr'>oum</span> 
     </span>
     <span class='ocr_line' id='line_1_29' title="bbox 75 2896 1120 2970; baseline 0 -19"><span class='ocrx_word' id='word_1_242' title='bbox 75 2901 196 2955; x_wconf 86' lang='lat' dir='ltr'>omuibus</span> <span class='ocrx_word' id='word_1_243' title='bbox 214 2901 342 2970; x_wconf 80' lang='lat' dir='ltr'>gaudere</span> <span class='ocrx_word' id='word_1_244' title='bbox 368 2909 397 2953; x_wconf 88' lang='lat' dir='ltr'>et</span> <span class='ocrx_word' id='word_1_245' title='bbox 412 2900 546 2970; x_wconf 82' lang='lat' dir='ltr'>gloriari,</span> <span class='ocrx_word' id='word_1_246' title='bbox 583 2899 611 2953; x_wconf 91' lang='lat' dir='ltr'>in</span> <span class='ocrx_word' id='word_1_247' title='bbox 630 2916 686 2970; x_wconf 90' lang='lat' dir='ltr'>qua</span> <span class='ocrx_word' id='word_1_248' title='bbox 705 2908 735 2953; x_wconf 80' lang='lat' dir='ltr'>re</span> <span class='ocrx_word' id='word_1_249' title='bbox 752 2896 823 2952; x_wconf 87' lang='lat' dir='ltr'>mihi</span> <span class='ocrx_word' id='word_1_250' title='bbox 840 2915 900 2952; x_wconf 87' lang='lat' dir='ltr'>noo</span> <span class='ocrx_word' id='word_1_251' title='bbox 919 2897 1012 2951; x_wconf 88' lang='lat' dir='ltr'>dicam</span> <span class='ocrx_word' id='word_1_252' title='bbox 1030 2914 1120 2969; x_wconf 80' lang='lat' dir='ltr'>quarn</span> 
     </span>
     <span class='ocr_line' id='line_1_30' title="bbox 74 2985 1120 3060; baseline -0.001 -19"><span class='ocrx_word' id='word_1_253' title='bbox 74 2988 282 3055; x_wconf 74' lang='lat' dir='ltr'>gratificemini,</span> <span class='ocrx_word' id='word_1_254' title='bbox 308 3007 342 3043; x_wconf 89' lang='lat' dir='ltr'>ac</span> <span class='ocrx_word' id='word_1_255' title='bbox 359 2988 429 3043; x_wconf 88' lang='lat' dir='ltr'>Deo</span> <span class='ocrx_word' id='word_1_256' title='bbox 455 3006 573 3060; x_wconf 84' lang='lat' dir='ltr'>quoque</span> <span class='ocrx_word' id='word_1_257' title='bbox 599 2987 766 3059; x_wconf 85' lang='lat' dir='ltr'>placebitis:</span> <span class='ocrx_word' id='word_1_258' title='bbox 796 2987 929 3041; x_wconf 85' lang='lat' dir='ltr'>Satanant</span> <span class='ocrx_word' id='word_1_259' title='bbox 954 2996 982 3038; x_wconf 87' lang='lat' dir='ltr'>et</span> <span class='ocrx_word' id='word_1_260' title='bbox 998 2985 1120 3040; x_wconf 86' lang='lat' dir='ltr'>Satanae</span> 
     </span>
     <span class='ocr_line' id='line_1_31' title="bbox 73 3077 1146 3148; baseline -0.006 -14"><span class='ocrx_word' id='word_1_261' title='bbox 73 3091 200 3148; x_wconf 57' lang='lat' dir='ltr'>Quernas</span> <span class='ocrx_word' id='word_1_262' title='bbox 217 3081 317 3134; x_wconf 87' lang='lat' dir='ltr'>uretis.</span> <span class='ocrx_word' id='word_1_263' title='bbox 351 3079 477 3134; x_wconf 86' lang='lat' dir='ltr'>Tristitia</span> <span class='ocrx_word' id='word_1_264' title='bbox 504 3088 600 3133; x_wconf 85' lang='lat' dir='ltr'>vestra</span> <span class='ocrx_word' id='word_1_265' title='bbox 625 3077 697 3133; x_wconf 80' lang='lat' dir='ltr'>mihi</span> <span class='ocrx_word' id='word_1_266' title='bbox 714 3077 1022 3140; x_wconf 65' lang='lat' dir='ltr'>matrimonialium,</span> <span class='ocrx_word' id='word_1_267' title='bbox 1051 3093 1121 3144; x_wconf 77' lang='lat' dir='ltr'>gau.</span> <span class='ocrx_word' id='word_1_268' title='bbox 1143 3123 1146 3128; x_wconf 91' lang='lat'>.</span> 
     </span>
     <span class='ocr_line' id='line_1_32' title="bbox 72 3165 1120 3238; baseline 0.001 -21"><span class='ocrx_word' id='word_1_269' title='bbox 72 3166 141 3222; x_wconf 78' lang='lat' dir='ltr'>ditm</span> <span class='ocrx_word' id='word_1_270' title='bbox 159 3178 291 3223; x_wconf 84' lang='lat' dir='ltr'>vestrum</span> <span class='ocrx_word' id='word_1_271' title='bbox 310 3168 338 3222; x_wconf 79' lang='lat' dir='ltr'>ct</span> <span class='ocrx_word' id='word_1_272' title='bbox 353 3183 453 3222; x_wconf 89' lang='lat' dir='ltr'>meum</span> <span class='ocrx_word' id='word_1_273' title='bbox 470 3177 523 3220; x_wconf 79' lang='lat' dir='ltr'>est.</span> <span class='ocrx_word' id='word_1_274' title='bbox 558 3171 655 3238; x_wconf 78' lang='lat' dir='ltr'>Atque</span> <span class='ocrx_word' id='word_1_275' title='bbox 680 3168 717 3221; x_wconf 89' lang='lat' dir='ltr'>ita</span> <span class='ocrx_word' id='word_1_276' title='bbox 741 3168 769 3221; x_wconf 90' lang='lat' dir='ltr'>in</span> <span class='ocrx_word' id='word_1_277' title='bbox 785 3167 921 3221; x_wconf 88' lang='lat' dir='ltr'>Domino</span> <span class='ocrx_word' id='word_1_278' title='bbox 937 3165 1048 3230; x_wconf 83' lang='lat' dir='ltr'>valete,</span> <span class='ocrx_word' id='word_1_279' title='bbox 1073 3165 1120 3219; x_wconf 87' lang='lat' dir='ltr'>cui</span> 
     </span>
     <span class='ocr_line' id='line_1_33' title="bbox 69 3254 1121 3326; baseline 0 -17"><span class='ocrx_word' id='word_1_280' title='bbox 69 3270 111 3311; x_wconf 81' lang='lat' dir='ltr'>tue</span> <span class='ocrx_word' id='word_1_281' title='bbox 128 3257 357 3323; x_wconf 86' lang='lat' dir='ltr'>commendate,</span> <span class='ocrx_word' id='word_1_282' title='bbox 375 3266 407 3309; x_wconf 92' lang='lat' dir='ltr'>ut</span> <span class='ocrx_word' id='word_1_283' title='bbox 425 3255 559 3311; x_wconf 88' lang='lat' dir='ltr'>confido:</span> <span class='ocrx_word' id='word_1_284' title='bbox 584 3267 611 3308; x_wconf 87' lang='lat' dir='ltr'>et</span> <span class='ocrx_word' id='word_1_285' title='bbox 637 3272 693 3322; x_wconf 80' lang='lat' dir='ltr'>ego</span> <span class='ocrx_word' id='word_1_286' title='bbox 715 3265 854 3326; x_wconf 87' lang='lat' dir='ltr'>quantum</span> <span class='ocrx_word' id='word_1_287' title='bbox 876 3269 1013 3325; x_wconf 88' lang='lat' dir='ltr'>possum,</span> <span class='ocrx_word' id='word_1_288' title='bbox 1031 3254 1121 3309; x_wconf 82' lang='lat' dir='ltr'>vestri</span> 
     </span>
     <span class='ocr_line' id='line_1_34' title="bbox 67 3341 1119 3413; baseline -0.004 -14"><span class='ocrx_word' id='word_1_289' title='bbox 67 3363 121 3402; x_wconf 87' lang='lat' dir='ltr'>nou</span> <span class='ocrx_word' id='word_1_290' title='bbox 149 3362 218 3402; x_wconf 83' lang='lat' dir='ltr'>sum</span> <span class='ocrx_word' id='word_1_291' title='bbox 242 3347 408 3402; x_wconf 86' lang='lat' dir='ltr'>immemor.</span> <span class='ocrx_word' id='word_1_292' title='bbox 448 3345 566 3399; x_wconf 87' lang='lat' dir='ltr'>Servate</span> <span class='ocrx_word' id='word_1_293' title='bbox 595 3344 760 3400; x_wconf 87' lang='lat' dir='ltr'>Ecclesiam</span> <span class='ocrx_word' id='word_1_294' title='bbox 789 3344 934 3412; x_wconf 63' lang='lat' dir='ltr'>Domini5</span> <span class='ocrx_word' id='word_1_295' title='bbox 959 3344 987 3398; x_wconf 91' lang='lat' dir='ltr'>in</span> <span class='ocrx_word' id='word_1_296' title='bbox 1016 3361 1071 3413; x_wconf 91' lang='lat' dir='ltr'>qua</span> <span class='ocrx_word' id='word_1_297' title='bbox 1091 3341 1119 3409; x_wconf 79' lang='lat'>2)</span> 
     </span>
     <span class='ocr_line' id='line_1_35' title="bbox 65 3433 1119 3510; baseline -0.002 -22"><span class='ocrx_word' id='word_1_298' title='bbox 65 3451 116 3489; x_wconf 83' lang='lat' dir='ltr'>ros</span> <span class='ocrx_word' id='word_1_299' title='bbox 135 3438 232 3507; x_wconf 87' lang='lat' dir='ltr'>posuit</span> <span class='ocrx_word' id='word_1_300' title='bbox 249 3436 370 3510; x_wconf 85' lang='lat' dir='ltr'>Spiritus</span> <span class='ocrx_word' id='word_1_301' title='bbox 394 3447 511 3489; x_wconf 88' lang='lat' dir='ltr'>sanctus</span> <span class='ocrx_word' id='word_1_302' title='bbox 530 3434 702 3506; x_wconf 85' lang='lat' dir='ltr'>episcopos,</span> <span class='ocrx_word' id='word_1_303' title='bbox 728 3451 788 3490; x_wconf 86' lang='lat' dir='ltr'>uon</span> <span class='ocrx_word' id='word_1_304' title='bbox 806 3434 1012 3508; x_wconf 83' lang='lat' dir='ltr'>episcoporum</span> <span class='ocrx_word' id='word_1_305' title='bbox 1030 3433 1119 3488; x_wconf 80' lang='lat' dir='ltr'>simu.</span> 
     </span>
     <span class='ocr_line' id='line_1_36' title="bbox 65 3525 177 3578; baseline 0 0"><span class='ocrx_word' id='word_1_306' title='bbox 65 3525 177 3578; x_wconf 86' lang='lat' dir='ltr'>lachra.</span> 
     </span>
    </p>
   </div>
   <div class='ocr_carea' id='block_1_7' title="bbox 104 3674 631 3735">
    <p class='ocr_par' dir='ltr' id='par_1_9' title="bbox 104 3674 631 3735">
     <span class='ocr_line' id='line_1_37' title="bbox 104 3674 631 3735; baseline -0.002 -12"><span class='ocrx_word' id='word_1_307' title='bbox 104 3679 131 3727; x_wconf 85' lang='lat'>2)</span> <span class='ocrx_word' id='word_1_308' title='bbox 146 3678 241 3721; x_wconf 75' lang='lat' dir='ltr'>sarit.</span> <span class='ocrx_word' id='word_1_309' title='bbox 256 3675 323 3727; x_wconf 75' lang='lat' dir='ltr'>susti</span> <span class='ocrx_word' id='word_1_310' title='bbox 336 3677 404 3723; x_wconf 79' lang='lat' dir='ltr'>stura</span> <span class='ocrx_word' id='word_1_311' title='bbox 416 3674 564 3729; x_wconf 60' lang='lat' dir='ltr'>venafrum</span> <span class='ocrx_word' id='word_1_312' title='bbox 577 3687 631 3735; x_wconf 81' lang='lat' dir='ltr'>quo.</span> 
     </span>
    </p>
   </div>
   <div class='ocr_carea' id='block_1_8' title="bbox 53 3800 1116 4073">
    <p class='ocr_par' dir='ltr' id='par_1_10' title="bbox 108 3806 996 3841">
     <span class='ocr_line' id='line_1_38' title="bbox 108 3806 996 3841; baseline -0.005 4"><span class='ocrx_word' id='word_1_313' title='bbox 108 3806 119 3829; x_wconf 54' lang='lat'>⁸</span> <span class='ocrx_word' id='word_1_314' title='bbox 992 3828 996 3841; x_wconf 83' lang='lat' dir='ltr'>a</span> 
     </span>
    </p>

    <p class='ocr_par' dir='ltr' id='par_1_11' title="bbox 106 3800 986 3927">
     <span class='ocr_line' id='line_1_39' title="bbox 106 3800 986 3927; baseline -0.006 -6"><span class='ocrx_word' id='word_1_315' title='bbox 106 3800 290 3921; x_wconf 47' lang='lat' dir='ltr'>‘ilsssltneirtillus</span> <span class='ocrx_word' id='word_1_316' title='bbox 303 3871 427 3918; x_wconf 66' lang='lat' dir='ltr'>betausius</span> <span class='ocrx_word' id='word_1_317' title='bbox 440 3874 547 3925; x_wconf 59' lang='lat' dir='ltr'>&amp;caueri</span> <span class='ocrx_word' id='word_1_318' title='bbox 560 3874 607 3920; x_wconf 81' lang='lat' dir='ltr'>urat</span> <span class='ocrx_word' id='word_1_319' title='bbox 620 3873 661 3920; x_wconf 79' lang='lat' dir='ltr'>tas</span> <span class='ocrx_word' id='word_1_320' title='bbox 674 3872 756 3927; x_wconf 59' lang='lat' dir='ltr'>uiuat</span> <span class='ocrx_word' id='word_1_321' title='bbox 767 3874 808 3919; x_wconf 85' lang='lat' dir='ltr'>trr</span> <span class='ocrx_word' id='word_1_322' title='bbox 821 3871 867 3918; x_wconf 81' lang='lat' dir='ltr'>virt</span> <span class='ocrx_word' id='word_1_323' title='bbox 883 3869 986 3918; x_wconf 76' lang='lat' dir='ltr'>obscuri,</span> 
     </span>
    </p>

    <p class='ocr_par' dir='ltr' id='par_1_12' title="bbox 53 3941 1116 4073">
     <span class='ocr_line' id='line_1_40' title="bbox 104 3941 1116 4005; baseline -0.007 -10"><span class='ocrx_word' id='word_1_324' title='bbox 104 3950 162 3995; x_wconf 77' lang='lat' dir='ltr'>m)</span> <span class='ocrx_word' id='word_1_325' title='bbox 176 3948 211 3997; x_wconf 64' lang='lat' dir='ltr'>Gt</span> <span class='ocrx_word' id='word_1_326' title='bbox 223 3945 520 3995; x_wconf 57' lang='lat' dir='ltr'>matemautensem</span> <span class='ocrx_word' id='word_1_327' title='bbox 539 3948 576 3993; x_wconf 72' lang='lat' dir='ltr'>irs</span> <span class='ocrx_word' id='word_1_328' title='bbox 594 3948 688 4001; x_wconf 58' lang='lat' dir='ltr'>salitus</span> <span class='ocrx_word' id='word_1_329' title='bbox 706 3947 778 3996; x_wconf 67' lang='lat' dir='ltr'>sistit</span> <span class='ocrx_word' id='word_1_330' title='bbox 791 3947 820 3992; x_wconf 86' lang='lat' dir='ltr'>V.</span> <span class='ocrx_word' id='word_1_331' title='bbox 848 3947 880 3998; x_wconf 67' lang='lat' dir='ltr'>e.</span> <span class='ocrx_word' id='word_1_332' title='bbox 894 3945 1009 4005; x_wconf 85' lang='lat' dir='ltr'>Spalatiui</span> <span class='ocrx_word' id='word_1_333' title='bbox 1029 3941 1116 3989; x_wconf 71' lang='lat' dir='ltr'>sanat.</span> 
     </span>
     <span class='ocr_line' id='line_1_41' title="bbox 53 4018 597 4073; baseline 0.004 -7"><span class='ocrx_word' id='word_1_334' title='bbox 53 4022 84 4066; x_wconf 81' lang='lat' dir='ltr'>tu</span> <span class='ocrx_word' id='word_1_335' title='bbox 98 4021 223 4073; x_wconf 60' lang='lat' dir='ltr'>aratris</span> <span class='ocrx_word' id='word_1_336' title='bbox 236 4021 315 4073; x_wconf 71' lang='lat' dir='ltr'>titre.</span> <span class='ocrx_word' id='word_1_337' title='bbox 329 4018 424 4070; x_wconf 52' lang='lat' dir='ltr'>&amp;salut</span> <span class='ocrx_word' id='word_1_338' title='bbox 438 4021 465 4066; x_wconf 92' lang='lat' dir='ltr'>ll.</span> <span class='ocrx_word' id='word_1_339' title='bbox 481 4022 552 4071; x_wconf 67' lang='lat' dir='ltr'>erist</span> <span class='ocrx_word' id='word_1_340' title='bbox 565 4023 597 4068; x_wconf 79' lang='lat' dir='ltr'>ts</span> 
     </span>
    </p>
   </div>
   <div class='ocr_carea' id='block_1_9' title="bbox 0 0 1298 4710">
    <p class='ocr_par' dir='ltr' id='par_1_13' title="bbox 0 0 1298 4710">
     <span class='ocr_line' id='line_1_42' title="bbox 0 0 1298 4710; baseline 0 0"><span class='ocrx_word' id='word_1_341' title='bbox 0 0 1298 4710; x_wconf 95' lang='lat' dir='ltr'> </span> 
     </span>
    </p>
   </div>
  </div>
 </body>
</html>
