2586 4710
1037 326 1079 395 29

111 468 257 543 nstitit.
331 498 334 503 ·
748 477 801 535 N0.
821 477 1044 539 cccxxvlll.

405 651 454 719 lin
477 649 691 728 &poietin

103 806 169 859 mitt
180 803 221 857 sid
234 803 302 855 lutto
315 806 404 858 nunes
417 807 557 858 triricum,
576 805 705 862 ntfietdtnt
722 808 757 856 bie
770 808 948 864 mnilntnunn
967 810 1030 858 einer
1046 811 1073 859 tn

97 880 166 933 em
179 888 207 930 nr
220 880 344 931 enitentes
352 879 524 931 minutatum
538 882 584 927 nul
597 879 652 933 neu
665 881 689 927 et
702 890 806 934 unnim,
819 880 862 935 lei
875 882 923 933 snit
931 883 1072 936 tiufenrtelt

97 952 195 1006 unere
214 949 311 1000 tuden
328 953 402 1002 utres
422 953 473 998 utu
492 955 560 1003 eben
580 962 648 1001 utun
668 955 704 1002 tie
724 953 851 1009 meulent
872 956 933 1007 utut
951 956 1071 1011 uuoltin

98 1026 128 1073 lu
139 1026 230 1077 erim
242 1026 321 1078 tuum
334 1037 359 1072 u.
372 1036 394 1072 u
407 1036 438 1072 tn.

97 1283 396 1334 sustineamus.
422 1285 481 1337 nst.
495 1285 553 1331 coi.
566 1245 621 1331 iel.
635 1298 664 1343 η
681 1287 698 1332 r.
713 1289 758 1335 on.
782 1289 883 1343 nunu
897 1289 936 1343 in
950 1290 1045 1343 uate

403 1356 455 1403 xv.
485 1358 546 1411 uni.
559 1357 675 1405 nxxvn.

98 1513 135 1567 in
152 1511 295 1566 Domino
312 1511 356 1566 D.
375 1512 514 1587 Georqio
532 1513 722 1585 Spoletina,
739 1533 761 1570 a
777 1517 884 1572 sacris
897 1517 1068 1593 principa·

154 1598 238 1655 libus
255 1601 420 1655 Saxoniae
436 1601 539 1656 Ducis
544 1643 554 1671 ‚
572 1603 675 1658 critico
691 1611 721 1657 et
737 1604 878 1660 Domino
890 1608 944 1672 1)..

98 1808 170 1851 tem.
206 1796 317 1867 Accepi
335 1796 452 1851 tandem
470 1798 584 1861 omnia,
600 1798 640 1851 mi
657 1798 818 1870 Spnlntine:
844 1794 873 1854 et
889 1801 1067 1859 medicinam

99 1903 184 1941 arem
208 1886 316 1940 tentavi
335 1886 423 1956 juxte
442 1888 673 1959 praescriptum,
692 1900 722 1942 et
738 1906 812 1944 mox
829 1889 949 1960 quidem
966 1890 1065 1946 laxato

98 1994 119 2031 ·e
141 1976 265 2030 excrevi
288 1976 352 2030 sine
374 1976 514 2045 sanguine
538 1988 567 2030 et
583 1977 740 2045 violentia,
769 1978 822 2032 sed
839 1979 972 2033 nondum
989 1978 1065 2034 bene

98 2076 106 2121 t
122 2066 201 2120 laesa
219 2074 249 2120 et
264 2064 363 2119 saucio
380 2082 450 2119 caro
468 2081 506 2120 ex
524 2065 653 2136 pristinis
665 2066 897 2137 disreptionibus,
915 2069 974 2123 imo
992 2068 1066 2124 nihil

98 2172 114 2210 s
131 2154 272 2208 dolorum
288 2168 393 2223 passus
411 2168 492 2221 sum,
509 2154 590 2224 quod
607 2155 745 2225 podicem
762 2157 935 2219 extruderet
951 2159 997 2211 vel
1014 2175 1066 2213 ve.

98 2245 165 2299 entia
187 2243 374 2315 pillularum,
399 2243 445 2297 vel
468 2244 571 2298 nescio
595 2244 662 2315 quis
680 2259 781 2299 casus.
811 2243 950 2316 Expecto
967 2246 1065 2303 adhuc

98 2335 233 2389 lomnia.

98 2425 221 2488 lacent,
246 2438 322 2492 quae
340 2438 356 2475 e
373 2420 587 2489 Wittembergn
605 2420 726 2475 scribis:
752 2433 780 2476 et
803 2425 907 2492 gratias
926 2425 1064 2494 Christo,

100 2529 135 2566 ro
152 2529 201 2565 me
221 2512 291 2564 ulios
309 2510 477 2577 suscitavit,
502 2522 535 2562 ut
552 2512 616 2578 jam
634 2510 704 2565 nihil
722 2528 770 2565 me
788 2530 863 2585 opus
887 2512 997 2570 h‘abere
1022 2517 1064 2572 in.

98 2619 159 2667 un,
174 2602 230 2654 nisi
247 2603 327 2670 quod
345 2599 497 2671 Philippus
514 2599 604 2652 nimio
623 2598 777 2668 indulgens
795 2602 967 2671 affectibus,
996 2624 1066 2661 cru.

113 2690 309 2761 impatientius
339 2688 418 2755 lert,
452 2704 541 2758 quam
573 2687 675 2742 decent
707 2691 754 2743 vel
784 2691 986 2764 discipulum,
1013 2715 1064 2751 ne.

105 2791 221 2834 tautum
249 2790 399 2832 tantorum
423 2777 605 2844 magistrum.
638 2779 688 2832 Tu
714 2779 799 2845 vide,
823 2794 855 2836 ut
880 2786 943 2853 ejus
961 2802 1064 2840 curum

98 2884 137 2935 ts,
162 2885 201 2922 ne
226 2867 370 2936 Princeps
393 2865 607 2918 illustrissimus
631 2881 699 2918 enm
724 2866 752 2921 in
780 2885 811 2922 re
835 2872 963 2925 luiriiliari
988 2873 1066 2928 sinat

98 2958 250 3012 ienurinm.
277 2955 425 3025 Displicet
441 2953 524 3021 milii,
542 2954 695 3008 inhibitam
712 2957 748 3010 de
761 2960 947 3013 confessione
965 2962 1064 3032 dispn.

98 3065 164 3102 iem.
199 3046 273 3100 Erat
290 3045 368 3099 enim
385 3043 444 3097 lioc
462 3045 489 3097 in
509 3044 687 3113 pupistarum
704 3045 845 3100 ferociam
873 3050 942 3102 utile
962 3066 1064 3103 exem.

102 3176 111 3202 ,
127 3148 160 3191 ut
177 3136 307 3199 scirent,
330 3133 398 3203 quid
416 3132 532 3203 pavoris
557 3149 610 3202 per
626 3150 723 3186 meam
745 3135 908 3190 absentium
925 3138 1064 3193 Wittem.

103 3243 171 3281 nses
190 3225 405 3288 incussissent,
425 3224 474 3292 qui
493 3221 554 3275 sine
571 3238 619 3274 mc
638 3224 702 3276 talia
720 3225 868 3279 auderent.

99 3315 200 3370 scrinii
227 3312 433 3376 Amsdorlins,
460 3310 606 3380 (prendant
635 3311 763 3364 scribam
791 3313 890 3368 Ducis
915 3313 1063 3373 dohannis

99 3407 164 3459 iisse
182 3404 415 3471 ad'l'orgensem
431 3400 599 3464 mulierem,
615 3416 665 3452 me
682 3402 747 3454 esse
764 3402 792 3455 in
810 3419 877 3457 erce
890 3405 1062 3476 ll'artberg:

99 3507 198 3549 natum
215 3509 284 3546 eum
301 3506 471 3554 rumorem,
496 3489 556 3542 imo
574 3502 693 3543 auctum
717 3490 836 3561 ubique.
869 3488 1063 3552 Persuadebit

99 3602 203 3650 utitor,
228 3582 309 3653 quod
333 3594 372 3633 ex
390 3578 455 3631 anln
471 3578 603 3643 venerit,
631 3580 693 3633 sive
710 3580 758 3634 illc
773 3570 845 3635 ⁴vere
863 3584 982 3652 scierit,
1000 3588 1061 3642 sive

99 3676 162 3738 trit,
180 3684 213 3726 ut
229 3673 338 3726 frustm
356 3667 549 3722 celaverimus
565 3667 642 3721 hanc
661 3686 723 3722 rem
740 3680 817 3724 tante
835 3671 978 3729 felicitate.
1012 3677 1061 3731 Sic

112 3763 264 3818 insidiatus
292 3775 354 3812 rem
372 3755 477 3827 prodit.
512 3757 569 3809 Sed
587 3768 615 3810 et
632 3772 671 3811 ex
689 3756 807 3829 hospite
824 3775 892 3814 meo
911 3763 1063 3835 intelligo,

99 3867 537 3895 --,,,-.....

99 3946 155 3997 liud
170 3944 231 3990 cod.
247 3943 301 3987 Jen.
