2574 4724
188 311 250 382 266
665 319 755 382 1522.

250 472 396 529 Paenitet
412 490 460 530 me
467 471 586 546 secisse
604 473 630 544 Ι’)
653 476 807 548 Philippus
826 473 1123 548 quoque-exposuit,
1148 483 1182 532 ut
1195 459 1236 532 sit

181 564 316 636 *mittendi
340 565 530 634 significatio:
555 567 687 637 poenitet
710 584 777 634 me,
804 568 832 621 id
857 574 903 620 est
919 566 1057 633 inuitabo,
1085 583 1161 636 quae
1179 568 1236 620 feci

186 665 279 707 autea.
312 654 493 727 Quanquam
512 672 567 710 nec
591 656 673 710 illum
697 672 819 709 sensum
843 654 969 723 deiurio,
996 656 1077 726 quod
1103 656 1140 709 de
1165 656 1234 713 Deo

184 737 318 813 loquitur
335 742 498 816 scriptura,
526 746 678 816 quomodo
702 746 737 799 ab
761 745 859 815 impiis
883 746 931 798 vel
956 744 1011 815 piis
1029 740 1190 799 affectibus
1200 745 1234 800 de

185 831 252 903 ipso
271 835 409 904 sentitur,
428 846 458 890 ut
474 834 560 891 irasci
578 836 711 901 dicatur,
735 851 805 889 curn
822 851 877 888 nos
894 835 969 888 iram
986 834 1148 904 sentimus,
1166 851 1236 906 poe.

184 923 279 979 nitere
289 964 298 992 ,
317 942 385 980 cum
401 941 457 981 uos
475 927 540 996 ejus
557 941 646 994 opera
664 924 771 979 mutari
787 924 943 979 sentimus.
982 916 984 920 ’

167 1133 169 1139 ¹
250 1069 342 1144 Quod
359 1070 395 1125 de
413 1088 558 1142 responso
574 1072 750 1141 Principum
761 1072 797 1126 ad
809 1072 954 1139 Legatum
967 1070 1151 1140 pontificium
1163 1073 1237 1128 scri.

183 1156 299 1229 bimus,
316 1162 425 1215 factum
442 1171 488 1216 est
501 1179 515 1214 a
528 1162 673 1231 Magistro
685 1161 824 1216 prussiae
838 1161 1017 1215 Marchione
1028 1162 1235 1229 Fridericoz¹l
1276 1157 1282 1234 Ἰ

183 1248 235 1303 bic
254 1251 331 1303 enim
349 1250 481 1317 dixerat,
499 1265 565 1304 sese
580 1250 750 1305 Ecclesiam
761 1250 888 1306 libenter
899 1250 1082 1319 adjuturum,
1098 1252 1236 1306 sedeam

184 1356 245 1392 non
273 1356 340 1394 esse
367 1339 490 1393 modum
515 1340 671 1395 Ecclesiae
691 1341 855 1408 juvandae,
884 1340 1022 1393 damnare
1048 1341 1237 1396 manifestam

183 1429 336 1483 veritatem
354 1440 380 1482 et
397 1429 490 1484 libros
507 1444 650 1496 exurere,
669 1429 836 1501 diciturque
853 1440 915 1485 uon
930 1431 1009 1484 male
1023 1431 1058 1484 de
1072 1430 1237 1501 Evbngelio

184 1517 303 1572 sentire.
339 1518 457 1573 Utinam
479 1529 548 1574 tuus
572 1530 601 1575 te
625 1521 741 1574 deserat
756 1520 782 1586 ²)
806 1520 965 1574 vicariatus
988 1520 1156 1590 gloriosus,
1183 1523 1236 1579 sed

184 1608 303 1665 deseret
318 1609 377 1664 cito
395 1609 539 1665 sentiente
557 1619 586 1664 et
603 1621 779 1681 repugnante
798 1611 886 1664 etlam
901 1610 950 1664 M.
967 1611 1219 1685 spangenbergio.

248 1752 404 1809 Johannes
420 1752 457 1810 P.
475 1754 545 1809 hinc
564 1754 695 1824 aufugit,
719 1755 870 1824 designato
888 1753 991 1824 insigni
1010 1754 1118 1823 flagitio
1135 1755 1165 1809 in
1183 1772 1238 1811 uo.

183 1851 281 1900 stram
298 1845 429 1902 omnium
447 1845 652 1916 ignominiam,
677 1845 814 1899 inventus
836 1861 851 1898 a
869 1843 1020 1898 lictoribus
1037 1843 1066 1897 in
1084 1844 1237 1915 lupanari,

184 1922 302 2005 potatus
321 1933 413 2005 probe
431 1944 459 1988 et
475 1933 547 1988 laica
559 1945 643 1989 veste
656 1943 742 2005 atque
754 1933 840 1987 etiam
854 1948 1013 2003 percussus
1026 1933 1236 2005 aliquemne,

183 2023 330 2079 iitnudio:
349 2023 403 2079 sed
419 2040 473 2093 ego
492 2022 548 2078 ista
564 2023 669 2077 rescivi
687 2024 767 2079 tarde
785 2033 855 2093 post
871 2023 936 2093 ejus
949 2022 1055 2092 lugam.
1088 2019 1157 2102 Ego
1170 2024 1236 2096 qui.

185 2101 253 2167 deni
270 2123 352 2168 antea
371 2115 396 2168 ei
415 2113 632 2181 denuntiatam,
650 2112 676 2168 si
694 2113 764 2184 quid
781 2114 877 2168 denuo
895 2112 1059 2181 designaret
1075 2120 1145 2182 post
1163 2113 1235 2168 illud

185 2201 384 2258 Zerbistense
401 2203 530 2271 malum,
547 2221 585 2257 ne
603 2203 637 2257 ad
654 2218 754 2257 meum
771 2210 968 2271 conspectum
979 2200 1107 2256 veniret:
1125 2200 1157 2257 id
1172 2218 1236 2259 ser.

184 2288 274 2345 vovit.
309 2290 364 2346 Sed
382 2308 433 2345 ora
450 2308 505 2363 pro
522 2291 680 2346 miserabili
697 2290 835 2360 homine,
852 2306 941 2361 quem
959 2289 1055 2356 nosti,
1073 2306 1165 2360 quam
1179 2292 1237 2346 mi.

184 2385 236 2434 'ser
252 2381 290 2435 sit
308 2391 375 2449 post
401 2390 509 2450 patrata
535 2397 588 2435 stra
612 2382 705 2448 mala,
730 2398 766 2433 ne
791 2380 950 2450 desperans
975 2379 1076 2449 pejora
1101 2388 1234 2437 attentet.

184 2468 252 2524 Nos
270 2470 408 2523 sedemus
427 2470 456 2523 in
473 2469 663 2541 turpitudine.
698 2469 826 2524 Salutant
842 2477 871 2524 te
889 2483 993 2524 omnes
1011 2454 1120 2536 uostii,
1138 2479 1170 2525 et
1184 2489 1237 2544 pe.

184 2561 266 2627 tunt,
285 2560 486 2631 utaliquando
504 2576 560 2615 nos
578 2559 688 2615 visites.

188 2739 191 2744 ·
250 2706 321 2761 Vale
340 2707 368 2760 in
384 2708 520 2763 Domino
537 2716 564 2762 et
580 2726 630 2763 ora
644 2725 698 2780 pro
709 2724 768 2762 me.
802 2704 915 2762 Mosen
927 2704 1006 2760 finivi
1017 2705 1238 2774 transferendo,

184 2793 262 2849 linita
279 2806 326 2850 est
343 2803 372 2850 et
391 2797 443 2850 alia
461 2799 548 2852 editio
562 2797 634 2852 novi
649 2795 850 2851 Testamenti:
863 2796 927 2866 jam
938 2795 1051 2848 Mosen
1062 2795 1239 2863 aggredien-

184 2895 242 2940 tur.
278 2884 390 2940 Mirum
417 2897 477 2954 est,
503 2903 591 2958 quam
615 2898 643 2941 te
669 2883 720 2941 hic
745 2902 820 2957 opus
846 2885 883 2941 sit
908 2885 935 2939 in
952 2885 1107 2938 vernacula
1124 2883 1238 2955 lingua.

183 2977 231 3029 Aa
249 2975 407 3046 bibliopola
426 2986 526 3030 vester
542 2975 696 3042 satisfecit,
720 2976 838 3045 ignoro:
868 2974 941 3028 mibi
959 2990 1029 3029 sane
1046 2965 1116 3028 nihil
1136 2975 1238 3044 dedit,

184 3074 213 3120 et
225 3066 321 3134 jussi,
339 3078 372 3118 ut
389 3065 523 3120 Lotbero
541 3065 638 3129 daret,
656 3066 703 3118 cui
720 3081 780 3119 non
798 3079 923 3135 possum
941 3077 1038 3117 certus
1055 3063 1117 3117 fieri
1134 3080 1172 3119 an
1185 3066 1239 3121 de.

184 3156 274 3220 derit,
302 3155 417 3224 ignorat
443 3155 521 3209 enim
549 3165 578 3210 et
607 3153 678 3224 ipse.
724 3155 835 3208 Literas
861 3153 1005 3206 Mausero
1032 3152 1112 3207 datas
1142 3156 1236 3213 scito.

182 3244 422 3316 Witembergae,
441 3246 512 3300 teria
529 3243 555 3300 6.
573 3258 639 3300 atate
657 3245 814 3310 Thomae,
830 3243 995 3299 MDXXII.

764 3400 851 3454 Tuus
869 3398 1018 3454 Martinus
1036 3397 1204 3460 Lutherus.

188 3714 193 3732 .
235 3694 256 3742 u
270 3690 305 3740 er
319 3687 373 3741 nat
387 3689 448 3741 usar
462 3686 671 3744 luttrestharra,
685 3687 722 3733 tu
735 3683 889 3741 (statuetur
898 3682 983 3742 butor
992 3681 1108 3737 drittun
1121 3691 1174 3734 tarr
1187 3687 1239 3736 15¹⁰

187 3761 309 3817 trierim.
358 3761 487 3814 ilberti.
503 3761 618 3807 desciret.
833 3784 836 3789 ·

238 3993 261 4050 ⁶)
281 4000 291 4044 1
306 3997 369 4048 utet.
382 3994 427 4047 VI.
444 3995 465 4045 1.
