2574 4724
537 295 628 368 esta.
1050 293 1128 403 stu¹

59 461 121 511 tem
146 449 255 524 Deus,
279 456 330 528 qui
354 470 411 512 vos
432 454 606 527 cogit,.pro
630 453 678 509 tali
702 453 869 526 iniquitate,
896 448 1111 522 ingratissimos

57 535 225 599 nebulones
249 557 278 601 et
300 545 530 601 nocentissimos
555 545 726 615 hypocritas
751 542 993 600 sumtuosissime
1022 541 1111 593 alere.

56 633 176 688 Deinde
194 634 338 703 arbitror,
361 649 497 688 noanon
514 633 608 687 fuisse
626 641 675 686 aut
693 648 759 693 esse
776 631 910 704 Principi
928 633 1053 697 damno,
1078 637 1114 684 ut

59 722 218 791 commoda
236 737 359 777 taceam.
393 722 463 777 Nisi
481 712 595 775 nullum
613 721 806 776 commodum
820 736 877 776 vos
890 719 998 792 putatis
1012 718 1112 773 Evan-

58 812 156 887 gelittn
180 830 234 883 per
257 830 315 869 uos
339 823 455 878 ortum,
479 828 540 881 quo
564 821 594 865 et
616 812 728 865 animae
752 799 868 864 vestrae
892 811 1060 874 salvantur,
1084 816 1114 863 st

58 901 221 956 substantia
244 902 345 956 mundi
370 917 429 955 non
456 915 547 971 parva
573 900 608 954 ad
635 899 819 970 marsupium
842 898 988 970 Principis
1015 898 1112 953 redire

58 992 174 1063 coepit,
201 1008 235 1046 ac
254 991 385 1064 quotidie
402 992 492 1059 magis
511 990 602 1058 redit,
629 1000 662 1044 ut
679 990 704 1044 si
729 991 765 1043 ab
789 989 850 1044 aliis
868 1006 1019 1043 meremur
1041 980 1121 1043 invi)

59 1080 153 1146 diam,
178 1098 193 1135 a
211 1081 298 1136 vobis
316 1092 398 1136 certe
416 1081 571 1135 meliorem
588 1097 678 1153 quam
699 1081 776 1134 hanc
793 1080 914 1150 gratiam
931 1079 1040 1133 mereri
1063 1080 1114 1132 de.

60 1170 234 1227 bueramus.
280 1171 346 1227 Nisi
375 1173 451 1226 forte
477 1170 590 1243 impleri
618 1181 738 1243 oportet
764 1171 859 1226 illudz·
882 1155 1120 1226 Retribuebant*

59 1262 149 1315 naula
164 1279 227 1334 pro
245 1259 353 1330 bonis,
378 1263 427 1315 vel
446 1262 535 1316 illud:
561 1262 639 1316 Non
663 1268 710 1316 est
733 1267 880 1332 acceptus
895 1259 1056 1332 propheta
1078 1259 1122 1314 ἐπ’

59 1352 175 1424 patria
201 1369 270 1408 sua.
305 1353 362 1406 Sed
379 1361 476 1405 tamen
492 1350 643 1408 Dominus
663 1361 767 1424 pascet
792 1352 969 1418 etiamnos,
991 1361 1025 1405 ut
1041 1350 1114 1405 nihil

58 1443 148 1497 nobis
172 1443 263 1509 desit,
287 1442 313 1497 si
330 1456 386 1496 vos
404 1440 616 1497 submoveritis
642 1442 777 1496 alimonia
802 1452 831 1496 et
847 1443 998 1496 maledictu
1022 1435 1121 1513 pecu.¹

58 1532 147 1586 niolo.
182 1531 209 1586 Si
227 1541 325 1585 autem
342 1547 399 1586 vos
425 1520 454 1583 in
471 1530 529 1585 hac
546 1548 578 1585 re
595 1530 702 1602 aliquid
720 1530 880 1608 molimini,
905 1536 1006 1603 optare
1026 1518 1121 1597 licet,⁶

59 1638 179 1694 sperare
195 1637 292 1693 neque
310 1621 381 1696 libet
397 1636 495 1692 neque
513 1629 641 1692 oportet.

124 1733 209 1804 Ego,
232 1734 257 1787 ai
273 1734 425 1789 Dominus
442 1716 541 1802 uolet,
568 1735 637 1789 istas
654 1731 760 1789 missas
779 1733 948 1804 abrogabo,
971 1735 1019 1788 vel
1038 1731 1114 1792 atiud
1206 1762 1208 1766 ·

58 1823 190 1877 tentabo.
224 1823 253 1877 si
272 1833 304 1876 tu
320 1823 406 1877 voles
424 1822 517 1889 tueri,
535 1831 636 1877 tuetur
652 1839 740 1877 sanc:
757 1823 830 1878 mihi
848 1825 928 1878 fraus
946 1833 974 1876 et
986 1823 1031 1876 vis
1045 1823 1116 1881 sub.

60 1913 128 1966 dola
150 1913 180 1965 in
202 1912 267 1967 istis
291 1911 463 1966 semitribus
482 1911 641 1967 Canonicis
660 1911 687 1978 “)
709 1912 849 1967 adversus
866 1912 1006 1967 unitatem
1023 1913 1115 1967 totius

59 2001 217 2057 Ecclesiae
234 2010 354 2055 nostrae
372 2001 570 2056 ferendanou
587 2001 785 2073 estamplius.
818 2002 912 2079 Video
931 2002 1000 2072 quid
1020 1986 1123 2075 aiant,
1221 2063 1224 2072 ,

63 2090 144 2163 quod
169 2101 201 2145 tu
217 2090 408 2144 mulierculae
431 2091 517 2165 unius
540 2091 650 2146 lactum
666 2092 807 2147 causaris.
823 2091 869 2160 *ἢ
901 2092 1049 2158 Proinde,
1073 2091 1122 2166 mi

62 2180 226 2252 Spalutine,
244 2189 355 2246 tracta,
374 2196 507 2252 quaeso,
530 2195 588 2236 nos
603 2195 748 2252 pauperes
766 2190 795 2234 et
811 2181 916 2237 exules
934 2182 1043 2236 Christi
1060 2181 1117 2260 ιηὶ.Ι

61 2273 137 2340 tius,
164 2279 213 2325 aut
230 2270 355 2325 rotunde
373 2271 477 2342 profer
494 2270 686 2338 sententiam,
709 2280 742 2324 ut
767 2270 913 2338 sciamus,
940 2289 1001 2341 quo
1017 2272 1119 2326 tenda.

62 2379 148 2430 mus,
175 2370 287 2415 tantum
310 2377 348 2436 ne
373 2359 463 2415 simul
487 2368 607 2414 nosmet
630 2358 814 2414 confundere
838 2377 979 2430 cogamur
995 2361 1117 2433 obliqua

63 2454 119 2505 ista
132 2450 285 2520 jussione,
311 2464 399 2521 qoam
417 2449 547 2503 futuram
564 2448 705 2519 captatis,
731 2459 765 2503 ut
781 2448 877 2503 coacti
900 2449 980 2503 abira
1001 2435 1124 2506 nullum'

64 2540 216 2611 possimus
241 2547 415 2592 coactorem
438 2536 610 2604 nominare,
635 2537 691 2591 nisi
714 2553 771 2592 nos
796 2537 894 2609 ipsos,
917 2548 946 2592 et
968 2553 1024 2594 vos
1046 2554 1123 2601 cum,

62 2629 180 2684 honore
192 2628 353 2696 maneatis,
371 2627 459 2682 simul
476 2626 654 2697 expulsores
671 2637 701 2681 et
713 2638 893 2683 servatores.
926 2629 998 2683 Vale
1016 2640 1045 2683 et
1064 2646 1116 2684 ora

63 2734 119 2790 pro
136 2735 195 2774 me.
228 2715 390 2772 Dominica
408 2721 433 2772 1.
450 2716 606 2770 Adventus
624 2713 806 2772 MDxxtv.

759 2876 762 2905 3
785 2820 935 2906 Martinus
952 2793 1080 2879 Luther.

78 3128 138 3211 ‘su
156 3151 351 3215 lttttuitt.
805 3147 857 3210 ΝΟ.
874 3152 1082 3210 Dcxxxvss.
1116 3152 1131 3247 ᾗ,

449 3303 496 3372 tiu
519 3301 723 3379 &salatia

114 3457 137 3504 t.
150 3457 276 3510 uitruitt
289 3460 338 3509 &u
352 3461 396 3512 tuf
411 3460 472 3510 ttius
490 3460 604 3514 undanti
623 3462 664 3507 ten
677 3459 726 3519 ἱροί
742 3461 788 3507 unt
806 3459 866 3510 ttius
885 3436 963 3510 &telle
980 3459 1072 3511 bautii
1089 3440 1121 3512 tu¹

65 3530 188 3580 antiatinus
203 3531 226 3577 tl
241 3532 276 3583 stu
289 3533 361 3582 itaut
374 3531 416 3584 toi
431 3533 489 3583 tetur
502 3534 699 3586 uirtututotuuut
714 3533 754 3581 itu
767 3533 821 3584 tutu
835 3532 935 3585 titulat.
961 3533 996 3583 tte
1009 3533 1072 3584 tulit
1084 3541 1116 3578 tt·
1181 3548 1183 3552 ⁷

65 3604 126 3724 :¹1:13
129 3625 140 3723 ἕ
153 3603 330 3728 &effigiari
344 3607 386 3656 out
397 3605 447 3651 tint
460 3605 598 3660 uenierunt
611 3607 649 3654 tto
662 3606 766 3659 tietuini
787 3603 828 3659 tot
844 3615 868 3653 tt
881 3605 941 3655 utdu
954 3599 1066 3661 aestuatis
1081 3606 1121 3665 itt¹

113 3902 136 3949 ι)
157 3897 305 3947 attenuat,
327 3899 472 3950 stutetnuu
492 3902 539 3946 uua
559 3900 668 3949 uernae.
727 3899 771 3951 u).
785 3898 836 3949 ou
856 3898 937 3949 oran
957 3898 1020 3951 tun
1042 3899 1118 3946 stuta
1152 3871 1164 3925 -’

64 3969 147 4019 metit
164 3971 199 4019 ott
213 3971 370 4021 &sumuntur
382 3974 458 4024 nutu
475 3973 538 4020 eluet
551 3973 642 4026 metult
658 3971 763 4028 uestitus.
