2574 4724
182 283 241 365 iii
669 285 758 352 1522.

179 449 212 500 e't
226 441 388 505 merentem
412 451 526 514 vertet,
552 445 601 501 vel
618 443 647 500 in
665 443 856 500 occasionem
883 442 996 511 earnis,
1024 440 1073 497 vel
1090 441 1119 495 in
1137 455 1222 496 sean.

178 531 277 595 deinoi
294 534 393 602 fratri,
410 535 463 591 sed
479 544 578 591 utetur
593 534 726 588 libertate
744 533 773 587 in
790 534 895 588 timore
911 531 1062 598 Domine,
1086 530 1220 585 modeste

177 633 208 679 et
222 623 387 681 salubriter.
418 623 525 681 Multis
555 623 729 679 testimoniis
744 622 801 676 hee
818 621 978 676 verborum
994 619 1220 690 significationes

176 713 296 787 probari
314 722 458 784 possunt,
481 724 608 785 questu
632 713 696 784 ipse
714 711 842 769 observo
856 709 1000 779 legendo,
1029 720 1057 764 et
1072 707 1151 762 hano
1167 725 1221 762 no.

176 810 266 858 strom
283 803 457 858 sententiam
472 802 563 870 (seio)
579 801 732 874 probabis.
763 800 842 870 Fuge
866 817 938 869 ergo
955 800 1068 856 somnio
1085 799 1221 866 illorum,

140 931 146 943 -.
175 891 228 964 ,qui
244 891 280 947 de
297 892 383 948 donis
399 891 523 965 Spiritus
539 891 620 947 hune
636 891 738 946 locum
754 889 934 962 ineptissime
951 899 1131 954 tractorum,
1159 887 1220 942 imo

174 978 348 1039 inseror-uoti
382 982 496 1050 Mitte,
514 996 644 1054 quaeso,
661 981 719 1036 hos
736 981 852 1037 libellos
864 980 894 1035 in
910 996 1032 1049 regnum
1049 977 1221 1051 vpirterum,

176 1072 213 1129 od
236 1088 304 1127 eum
329 1087 418 1145 quem
441 1072 529 1128 nosti.
547 1070 576 1139 ⁹)
607 1069 648 1127 Et
668 1070 761 1138 vele,¹
780 1069 874 1126 saluta
898 1069 994 1124 sulam
1021 1070 1050 1124 in
1073 1068 1218 1124 Domino.

174 1159 351 1222 Mnxxtt.

794 1239 880 1296 Tuus
896 1237 1045 1297 Martinus
1062 1238 1187 1295 Luther.

887 1570 940 1628 N0.
958 1569 1184 1627 cchxxvn.

550 1725 600 1794 tto
620 1720 832 1804 eoo-totto.
900 1787 904 1791 .

421 1881 562 1936 ddrtntodt
575 1882 616 1935 titt·
626 1883 692 1931 dnm
704 1881 808 1937 scotres
821 1877 967 1936 Μηνᾶ.

202 2117 471 2195 βαΑιιιίἰιδοτΙΙ.
484 2119 517 2169 st.
543 2118 600 2174 snt.
615 2117 684 2239 cxrtxttl.
696 2116 759 2241 Ἠ
773 2129 808 2192 ⁸7³
822 2116 898 2165 nns
922 2113 1022 2168 netto
1035 2115 1075 2168 ito
1088 2113 1182 2166 maro

171 2322 238 2383 Suo
262 2322 298 2378 in
320 2321 445 2380 Christo
457 2316 571 2395 fratri
595 2322 734 2398 Georgia
763 2321 955 2400 Spoletino,
985 2319 1214 2394 Eoonqelistoe

608 2412 722 2469 aulico.
751 2411 778 2480 ¹)

166 2520 311 2621 'Salutem
329 2566 358 2622 in
375 2566 518 2624 Domino.
552 2566 633 2628 Sient
648 2584 744 2642 nuper
753 2565 877 2640 scripsi,
896 2566 917 2622 it
927 2582 1006 2622 nunc
1018 2565 1105 2621 mitto
1115 2565 1215 2621 literas

171 2664 201 2711 et
216 2649 337 2712 iibellos
360 2656 518 2712 mittendos
536 2657 571 2712 ed
588 2655 751 2714 Eremitsm
766 2671 886 2714 meumt
904 2655 946 2724 ⁸¹)
969 2666 1001 2711 tn
1019 2655 1155 2723 cumbis,
1182 2664 1216 2708 nt

169 2743 353 2818 promisisti,
374 2763 410 2801 eo
428 2745 505 2806 ferri·
539 2745 580 2802 Et
595 2747 673 2802 hene
691 2746 936 2819 supplicationem
954 2763 1008 2818 pro
1025 2745 1216 2801 Psaffenbeck

169 2833 293 2892 fideliter
315 2835 423 2891 offeres
447 2834 598 2915 Principi,
627 2847 655 2891 et
675 2834 794 2906 juvabis
819 2836 961 2891 miserum
989 2835 1159 2902 hominem,
1185 2843 1217 2887 ut

169 2923 338 2981 alimentum
360 2924 435 2979 vitae
454 2940 493 2980 ex
510 2926 573 2980 sule
590 2925 645 2980 ists
666 2925 812 2998 impetret.
845 2922 1046 2980 Vehementer
1061 2924 1139 2977 enim
1156 2923 1215 2976 isti.

168 3028 206 3073 us
223 3029 270 3067 me
287 3015 423 3083 miseret,
450 3030 549 3086 neque
566 3013 658 3070 eredo
675 3030 745 3069 eum
761 3012 869 3085 tingere
887 3030 971 3070 sunm
987 3012 1212 3078 necessitatem,

168 3111 228 3167 tem
246 3103 344 3157 arduis
361 3103 458 3158 verbis
472 3118 535 3158 rem
552 3104 628 3176 opud
639 3120 688 3158 me
705 3102 771 3174 ogit.
805 3102 887 3159 Eece
905 3102 1009 3170 Deus,
1027 3101 1076 3172 qui
1093 3100 1215 3170 deponit

168 3193 305 3269 potentes
323 3193 359 3250 de
376 3193 466 3262 sede,
484 3204 514 3250 et
530 3193 678 3268 superbos
694 3179 828 3251 humiliet
845 3202 940 3264 usqne
958 3193 988 3249 in
1003 3191 1143 3264 nihilum,
1162 3195 1213 3246 sed

87 3315 91 3323 ·
168 3300 272 3340 rursus
291 3284 376 3338 etiam
392 3283 500 3354 eriget,
513 3282 538 3340 si
555 3282 727 3350 crediderit,
742 3282 928 3353 homimum,
961 3280 1118 3336 Memento
1131 3280 1214 3336 Prin.

169 3373 268 3444 eipem
284 3373 310 3440 ²)
328 3369 492 3429 debitorem
508 3389 595 3439 esse,
613 3367 758 3442 ejusmodi
770 3372 905 3426 homines
919 3371 1034 3441 juvare.
1069 3371 1116 3425 Sic
1136 3373 1214 3426 enim

168 3463 302 3519 charitas
316 3462 508 3535 praeseribit,
525 3472 556 3520 et
570 3461 710 3520 hostibus
724 3477 843 3534 quoque
860 3471 923 3515 turo
934 3476 1042 3517 servos
1053 3471 1117 3516 tum
1134 3463 1214 3517 debi.

219 3718 241 3764 t)
255 3711 316 3764 stad
329 3712 390 3762 cod.
403 3711 457 3759 Jen.
506 3710 532 3769 2)
544 3710 602 3759 cod.
615 3710 670 3758 Jen.
684 3710 701 3764 ’t
713 3710 807 3769 mando
820 3710 881 3758 bene
894 3711 984 3769 potest.

171 3815 387 3835 —u

220 3887 243 3936 ⁸)
260 3883 352 3942 tropen
364 3881 597 3935 edisseruimus
609 3885 654 3931 too
667 3880 804 3937 mortono
854 3883 892 3932 ”t
913 3882 967 3933 toto
981 3878 1214 3935 edtottonttnnno

173 3962 220 4006 ton
233 3955 375 4011 mortum
392 3956 440 4012 tot
453 3955 494 4004 tte
506 3957 557 4002 tot.
568 3952 614 4005 tit.
