2574 4724
514 357 517 360 ·
540 328 629 393 1522.
1046 327 1109 395 263

55 479 218 540 Manibus
233 483 286 542 sui
298 483 337 540 a'n
353 484 494 542 Domino
510 486 643 560 Georqii
656 485 838 558 spalatina,
856 486 960 542 aulico
974 487 1105 542 Contio.

425 577 537 630 natora'
552 576 689 631 Loclzae.
708 581 732 644 ¹)

55 690 170 792 Gratia
187 746 217 792 et
236 753 305 810 pax.
337 739 494 793 «lohannes
515 740 656 795 Serranus
677 740 775 796 bonus
802 758 869 796 esse
893 742 1025 811 videtur,
1051 742 1107 799 sed

53 845 117 884 non
134 839 183 884 est
198 846 274 900 opus
292 843 360 884 meo
380 831 520 885 consilio:
545 832 609 902 ipse
635 834 709 886 sorte
731 832 879 904 Principis
906 835 1054 903 ingenium
1077 845 1108 891 et

54 910 159 974 mores
175 919 291 987 nescit,
313 919 379 973 idco
398 920 469 973 mihi
488 921 687 976 videturesse
706 923 848 977 sinendos
866 923 893 976 in
913 923 1039 978 lsenaco
1057 933 1107 979 aut

54 1008 104 1063 ubi
122 1018 235 1079 potest,
255 1019 288 1060 ut
305 1010 428 1076 doceat,
452 1027 528 1080 qnos
546 1011 657 1065 habere
675 1013 793 1081 poterit.
827 1012 935 1082 Neque
954 1014 1032 1067 enim
1049 1013 1106 1068 fide

55 1099 148 1153 danda
163 1097 203 1152 illi
215 1113 291 1168 opus
309 1106 365 1164 eat,
384 1098 462 1151 sicut
479 1116 536 1152 nec
554 1100 640 1154 vobis
647 1101 695 1168 ,²)
713 1118 802 1172 quam
819 1102 967 1172 publicam
982 1115 1105 1158 vocante

53 1187 143 1244 Deus
161 1187 305 1256 defendat,
324 1187 401 1241 sicut
419 1198 449 1242 et
465 1204 533 1256 nos,
551 1191 642 1244 modo
659 1207 718 1244 non
736 1192 853 1260 fugetur
871 1200 920 1245 aut
937 1192 1105 1263 repellatur.

119 1309 256 1364 Domino
273 1310 309 1363 de
327 1309 586 1381 Schwartzenberg
600 1308 631 1378 ³)
655 1328 715 1366 non
733 1323 795 1379 est,
821 1313 902 1384 quod
922 1314 1036 1384 possim
1053 1330 1107 1384 pcr

55 1400 168 1470 singula
184 1399 378 1468 respondere.
396 1399 423 1465 ⁴)
457 1400 563 1468 Ingens
583 1412 629 1455 est
646 1402 737 1470 liber,
762 1401 839 1456 sicut
861 1410 889 1456 et
913 1402 967 1473 ipsi
987 1413 1017 1458 et
1034 1402 1105 1459 Phi.

56 1491 138 1562 lippo
156 1490 191 1544 de
208 1488 311 1544 Feilitz
329 1498 412 1556 antea
428 1488 550 1560 scripsi:
568 1499 627 1544 tum
641 1491 704 1560 jam
723 1501 805 1546 antea
822 1508 926 1561 magna
937 1506 1005 1564 pars
1018 1510 1106 1565 quae.

57 1581 189 1637 ationum
207 1577 272 1648 ejus
289 1579 374 1633 editis
393 1578 510 1632 interim
527 1579 610 1634 libris
629 1580 772 1634 dissoluta
790 1591 845 1635 est.
880 1581 948 1635 Sola
966 1593 1105 1653 superest

56 1669 194 1743 quaestio
211 1669 247 1722 de
265 1677 410 1743 potestate
428 1667 529 1735 gladii,
557 1685 645 1737 quam
664 1667 744 1722 linito
762 1669 871 1737 Mose,
896 1684 1034 1724 sermone
1053 1687 1105 1726 ex.

55 1760 192 1833 pediam,
222 1757 247 1810 si
273 1756 411 1810 Christus
437 1756 528 1810 volet.
562 1756 682 1809 Interim
709 1757 874 1811 comitibus
904 1758 1105 1814 Schwartzen.

55 1846 253 1918 bergensibus
270 1837 300 1912 l)
319 1845 400 1916 quod
417 1844 602 1915 responde0,
620 1843 662 1910 ¹⁶⁴)
680 1854 713 1898 tu
725 1844 759 1897 ad
771 1845 970 1899 Anshelmttm
982 1846 1018 1900 de
1031 1847 1106 1902 Tet.
1206 1912 1211 1916 Α

57 1948 109 1994 tau
124 1937 236 1992 mittes.
269 1935 351 1989 Vale.

113 2058 283 2124 Obsecro,
308 2064 341 2111 ut
362 2071 484 2126 operam
506 2065 588 2109 tuam
609 2053 697 2108 nobis
722 2056 915 2122 commodes,
943 2065 972 2110 et
993 2054 1104 2112 bestias

57 2151 130 2207 istas
147 2146 299 2204 describas
316 2156 345 2200 et
358 2146 496 2203 nomines
513 2160 568 2215 per
583 2143 699 2213 species
717 2159 797 2199 suas.

56 2295 117 2354 Ea·
133 2292 243 2351 auibus
260 2309 362 2366 rapa.
394 2293 452 2347 Ex
459 2245 583 2362 ferinis
600 2306 651 2344 ve:
781 2290 839 2344 Ex
850 2287 1024 2361 reptilibus.

163 2373 259 2431 cibus.
454 2373 580 2428 noticis.

56 2456 138 2522 wilh
397 2455 524 2526 Capreas
738 2454 893 2508 AnStellio
902 2464 982 2509 recte
991 2453 1105 2509 dicatur

57 2566 145 2630 &tau
217 2561 255 2616 Et
268 2561 359 2632 siqua
397 2558 509 2620 (leniet
619 2573 621 2577 ·
738 2558 794 2619 sin
820 2557 898 2620 stult

57 2671 170 2742 §elidit
218 2669 358 2738 suntejus
397 2661 543 2727 &ttlnlotf
738 2665 864 2720 Lacerta

56 2775 180 2842 &atthas
225 2773 351 2843 generis.
399 2767 537 2831 wullbatf
558 2788 613 2825 seu
738 2771 855 2825 Limara

55 2887 164 2960 &stilti
396 2886 541 2941 silvestris
551 2885 652 2939 hircus
738 2884 793 2943 (filu
823 2881 893 2942 little

121 3019 209 3090 Apud
233 3018 386 3072 Hebraeos
411 3026 439 3071 et
463 3016 586 3071 Latinos
612 3025 640 3068 et
659 3014 794 3071 Graecos
820 3025 889 3068 sunt
912 3012 1103 3066 haecomnia

55 3109 285 3174 confusissime,
311 3108 387 3161 sicut
410 3121 448 3159 ex
466 3105 622 3174 generibus
642 3114 670 3159 et
689 3104 847 3174 speciebus
865 3103 1029 3156 animalium
1047 3117 1102 3155 nos

57 3208 194 3270 oporteat
210 3198 353 3251 divinare:
380 3197 446 3248 ideo
464 3195 571 3247 vellem
589 3194 721 3247 omnium
739 3194 887 3263 rapacium
905 3193 1023 3256 avium,
1040 3207 1104 3244 om.

56 3291 139 3344 nium
162 3288 361 3341 venaticarum
387 3288 533 3350 ferarum,
561 3284 691 3338 omnium
715 3294 928 3337 venenatorum
954 3281 1103 3352 reptilium

55 3378 193 3446 nomina,
212 3377 346 3448 species,
362 3389 494 3428 naturam
512 3392 602 3428 nosse
621 3375 793 3439 vernacula,
813 3373 837 3426 si
852 3381 983 3444 possem.
1019 3369 1059 3424 Et
1071 3379 1104 3425 ut

55 3467 239 3537 significem,
258 3483 332 3537 quae
351 3482 388 3519 ex
407 3457 559 3535 reptilibus
576 3464 727 3517 venenatis
746 3463 888 3530 habeam,
906 3461 1070 3515 haecsunt.

108 3694 128 3742 ll
144 3692 204 3742 statu
215 3693 272 3736 ced,
282 3692 337 3735 Jen,
372 3693 395 3739 2)
411 3690 468 3735 Cod.
484 3689 506 3734 J.
520 3688 596 3733 nobis.
634 3689 657 3738 3)
672 3687 729 3733 cod.
739 3686 761 3730 J.
776 3685 962 3741 Sclrwarzbura,
977 3684 1105 3735 venatu&

57 3769 117 3820 luna
130 3767 176 3812 mlt
189 3767 238 3812 lem
252 3765 389 3819 Solarium.
438 3765 464 3813 ά)
478 3763 536 3808 cod.
550 3762 572 3807 J.
586 3759 871 3818 Schwarzburgensibus,
885 3759 999 3812 tltittlsstt.

60 3865 288 3882 ,-..--.-

110 3927 132 3970 ·)
148 3921 206 3970 aut.
219 3920 263 3968 ssa.
276 3928 298 3965 a.
313 3920 344 3967 n.
358 3920 427 3969 erat.
445 3919 487 3964 No.
504 3917 664 3964 ccccxxxi.

110 3995 147 4046 “l
164 3994 198 4042 ab.
210 3992 256 4042 ur.
268 3999 290 4039 a.
305 3993 335 4039 12.
348 3993 405 4041 turc.
430 3990 473 4036 No.
489 3989 635 4037 ccccxul.
