2574 4724
530 334 640 410 'tata
837 318 844 328 ’
1060 334 1120 408 tat

65 495 162 552 mala
177 497 304 571 capient
320 497 519 570 ininteritu,
536 500 591 557 nisi
610 512 641 557 tu
659 509 689 557 et
704 499 765 557 boc
781 500 879 558 trahas
897 503 932 557 ad
951 501 1028 556 diem
1041 500 1121 572 judi.

65 588 123 651 cii,
140 588 187 642 vel
206 590 240 642 ad
258 599 443 644 transeuntes
458 591 560 646 mortis
578 591 742 661 corporalis
755 593 913 660 angustias.
949 583 1124 659 lgiturmea

65 678 212 733 sententia
229 687 294 747 est,
320 680 429 734 incerta
447 679 522 732 haec
546 695 622 735 esse.
656 681 819 736 Verisimile
847 694 967 742 autem,
991 681 1125 751 exceptis

65 768 180 840 paucis,
192 784 296 823 omnes
309 770 438 823 dormire
450 769 644 826 insensibiles.
662 770 710 825 'I'tt
722 787 800 824 nunc
813 769 891 834 vide,
904 773 953 841 qui
967 769 1005 823 illi
1018 770 1125 825 luerint

66 857 188 928 spiritus
214 858 398 924 incarcere,
424 858 532 929 quibus
551 858 659 913 Petrus
678 859 781 912 scribit
806 875 859 928 per
874 857 1029 913 Christum
1053 861 1124 914 esee

64 945 286 1016 praedicatum,
303 964 400 1002 annon
413 961 441 1001 et
452 948 489 1001 illi
501 948 631 1002 dormire
644 950 672 1002 in
689 964 758 1002 eum
770 962 866 1019 usque
882 948 958 1001 aliem
973 948 1123 1018 poterint?

65 1035 160 1092 ludas
177 1052 276 1091 autem
293 1037 329 1091 de
347 1038 506 1093 Sodomitis
523 1038 609 1092 dicit:
629 1037 717 1115 ἐφεὶς
733 1038 857 1093 oeterni
871 1055 1008 1110 poenam
1024 1038 1124 1093 susti«

63 1134 194 1195 nentes,
213 1127 339 1198 loquens
356 1128 393 1181 de
411 1129 566 1196 praesenti.

133 1216 208 1272 Mea
234 1229 334 1272 autem
357 1218 497 1274 sententia
515 1219 550 1273 tle
577 1217 747 1288 purgatorio
771 1218 812 1272 sic
829 1216 938 1284 habet,
965 1234 1024 1273 non
1040 1218 1124 1290 quad

63 1316 185 1361 certum
204 1308 302 1361 locum
320 1307 464 1376 arbitror,
490 1319 522 1362 ut
540 1307 694 1378 Sophistae
713 1307 846 1377 lingunt,
863 1318 909 1361 aut
933 1323 1054 1373 omnes,
1071 1306 1124 1379 qul

63 1408 154 1455 extra
171 1397 290 1450 coelum
308 1408 335 1450 et
352 1397 497 1452 internum
506 1408 640 1465 manant,
658 1395 686 1451 in
707 1398 876 1467 purgatorio
894 1413 960 1452 esse
978 1397 1133 1452 arbitrort·

63 1485 135 1556 quis
153 1486 233 1540 enim
251 1485 312 1539 hoc
325 1488 456 1544 asseret?
474 1487 681 1541 camdormire
693 1486 805 1557 possint
825 1475 898 1542 inter
914 1486 1047 1553 coelam,
1063 1496 1125 1540 ter.

62 1590 151 1638 ram,
170 1575 335 1640 infernum,
357 1578 576 1647 purgatorium,
592 1585 620 1628 et
638 1576 735 1630 omnia
747 1615 756 1641 ,
769 1576 849 1642 ⁴sicttt
866 1575 1032 1632 viventibus
1049 1592 1124 1631 ocu.

62 1663 149 1732 tingit
166 1663 194 1716 in
212 1664 358 1734 profundo
373 1679 497 1720 somno:
516 1666 568 1719 sed
585 1665 666 1737 qnod
685 1681 750 1718 eam
762 1682 887 1737 poenam
905 1666 1121 1735 asserentium,

43 1769 157 1825 ,quant
170 1764 287 1822 gustum
302 1754 406 1808 inferni
420 1753 535 1824 dieunt,
551 1773 608 1826 qua
623 1754 776 1819 Christus,
790 1752 933 1825 Moyses,
952 1755 1102 1809 Abrabam
1117 1792 1131 1822 ,

62 1842 184 1910 David,
204 1841 311 1907 iacob,
331 1843 403 1911 lob,
421 1841 565 1898 Ezechias
582 1854 612 1896 et
629 1845 711 1898 multi
724 1842 771 1898 alli
787 1844 967 1900 laboravere.
984 1843 1028 1899 Ea
1041 1844 1122 1900 enim

63 1950 138 1988 cum
154 1933 192 1987 sit
209 1934 311 2007 similis
329 1934 459 2001 interno,
486 1943 584 1989 tamen
600 1934 771 2005 temporalis
781 1973 789 1999 ‚
810 1934 872 1990 sive
890 1945 975 1989 extra
992 1949 1122 2005 corpus,
1197 1963 1198 1970 κ

64 2025 131 2080 sive
150 2023 178 2079 in
195 2026 323 2093 'corpore
343 2024 408 2093 fiat,
427 2025 625 2094 purgatorium
638 2024 709 2079 mihi
723 2035 786 2080 eat:
803 2041 873 2078 nam
889 2025 976 2080 talem
994 2041 1121 2096 poenam

63 2100 223 2167 triliaimus
246 2114 428 2184 purgatorio.
467 2116 543 2165 Cum
568 2125 664 2166 autem
690 2112 719 2168 in
745 2129 873 2184 corpore
899 2112 1066 2177 asset-atur,
1094 2124 1122 2166 et

63 2214 146 2257 certa
165 2203 226 2272 ait,¹
245 2215 330 2257 extra
347 2220 457 2273 corpus
477 2218 597 2275 quoque
615 2202 714 2271 negari
731 2218 791 2258 non
812 2213 929 2272 potest,
952 2218 1122 2275 quanquam

63 2300 123 2349 nec
139 2293 355 2358 demonstrari,
372 2305 403 2346 ut
415 2309 538 2362 prorsus
557 2292 694 2365 quicquid
706 2292 757 2347 ltic
768 2293 946 2359 credideris,
965 2309 1023 2349 nott
1042 2309 1123 2348 erra⁴

64 2383 157 2439 veris.
191 2382 260 2438 Non
288 2383 366 2437 enim
389 2384 413 2436 si
439 2399 528 2451 neges
546 2384 764 2454 purgatorium,
792 2383 959 2438 haereticus
977 2398 1029 2449 es,
1052 2383 1122 2454 quis

63 2490 127 2529 non
151 2488 239 2542 negas
266 2474 344 2527 hauc.
362 2489 487 2543 poenam
510 2474 678 2544 incorpore
699 2473 820 2537 sentiri,
845 2485 874 2530 et
899 2484 984 2528 extra
1008 2478 1119 2545 corpus

63 2564 167 2619 sentiri
185 2579 281 2633 posse.
318 2565 372 2617 Sed
392 2565 450 2617 ltoc
468 2580 573 2631 negas,
597 2565 769 2619 destinatum
789 2565 887 2618 locum
905 2580 991 2629 esse,
1009 2572 1036 2617 et
1053 2579 1119 2620 cer.

62 2664 130 2707 tum
146 2669 213 2706 esse
231 2663 314 2706 extra
334 2669 442 2723 corpus
460 2653 571 2706 sentiri.
607 2653 672 2705 lloc
690 2662 719 2708 et
735 2671 790 2721 ego
807 2669 903 2721 uago:
920 2654 969 2724 qui
994 2653 1071 2707 euim
1089 2653 1120 2708 itt

63 2760 194 2813 corpore
212 2759 276 2796 eam
293 2743 437 2796 sentiunt:
459 2744 521 2810 jam
539 2743 567 2796 in
591 2755 717 2812 corpore
739 2745 823 2813 plane
842 2762 900 2797 nott
918 2753 1003 2808 sunt,
1021 2743 1120 2814 quoad

62 2836 155 2888 vitam
174 2834 281 2904 ipsam,
307 2833 413 2888 mortui
440 2835 517 2887 enirn
536 2845 613 2887 sunt.
649 2834 749 2907 Quare
772 2852 831 2889 uon
862 2846 925 2898 est,
950 2847 982 2888 ut
1007 2850 1120 2903 neges,

61 2924 142 2979 hauc
162 2941 285 2994 poenam
303 2923 364 2981 ltoc
382 2925 473 2978 modo
492 2936 575 2978 extra
593 2941 702 2994 corpus
720 2941 795 2978 csse.
831 2925 978 2979 Hactenus
997 2941 1069 2994 agot
1088 2937 1120 2980 ttt

63 3016 90 3070 si
110 3014 178 3086 quid
196 3014 320 3083 amplius
336 3014 449 3079 habes,
467 3014 552 3066 ‹lnce⁴

133 3103 286 3157 Carlstadii
309 3105 426 3173 nuptiae
449 3105 522 3156 ntire
550 3104 680 3172 placent,
707 3105 776 3158 novi
801 3101 946 3174 puellam:
972 3104 1123 3158 confortet

61 3211 133 3248 eum
160 3193 309 3247 Dominus
328 3195 354 3247 itt
373 3194 484 3248 bonum
503 3194 673 3261 exemplum
696 3193 872 3248 inhibendae
890 3203 920 3248 et
943 3194 1118 3248 minuendas

59 3285 221 3357 papisticae
247 3284 393 3348 libidinis,
426 3288 534 3338 Auteu.
569 3284 786 3338 Muuuscttlum
817 3301 917 3338 meum
942 3286 1004 3354 ipse
1027 3287 1120 3340 laram

59 3392 120 3430 suo
129 3385 263 3443 tempore
273 3384 339 3444 post
350 3373 476 3428 I'asclta.
513 3373 630 3427 luterim
643 3373 734 3427 ssibtia
744 3375 932 3439 transferam,
950 3390 1117 3445 quanquam

59 3480 141 3520 onus
150 3465 333 3533 susceperim
344 3480 431 3532 supra
447 3464 533 3516 vires.
571 3465 662 3517 Video
673 3481 751 3517 nunc
760 3505 769 3532 ,
787 3462 855 3535 quid
869 3464 907 3518 sit
919 3463 1101 3534 interpretari
1109 3504 1119 3533 ,

58 3566 90 3608 et
109 3570 163 3606 cur
179 3554 322 3607 ltactenus
340 3572 354 3606 a
373 3554 453 3606 nullo
471 3554 507 3607 sit
525 3563 710 3618 attentatum,
738 3555 786 3624 qtti
805 3553 991 3623 profiteretur
1009 3559 1118 3609 not'nen

59 3660 165 3699 suurn.
199 3643 290 3695 Vetus
312 3644 538 3698 'l'estamenttuu
564 3661 624 3697 non
648 3652 752 3715 potero
779 3644 935 3712 attingere,
960 3621 1119 3699 nationis

57 3732 269 3806 praesentibus
295 3743 323 3785 ct
349 3733 582 3802 cooperantibus.
616 3734 757 3804 Denique
775 3734 799 3788 si
824 3751 885 3803 qno
912 3746 1013 3813 posset
1039 3732 1118 3804 lieri,

54 3838 90 3878 ut
111 3833 263 3877 secretum
280 3821 375 3874 cubile
394 3824 467 3892 apud
481 3834 611 3876 restrum
624 3823 751 3893 aliquem
767 3822 927 3888 haberem,
947 3839 1017 3876 ntox
1028 3823 1119 3878 ¹veni.

54 3933 146 3979 rem,
171 3926 199 3967 ct
221 3930 322 3968 vestro
348 3914 457 3968 auxilio
477 3925 568 3967 totum
594 3913 629 3966 ab
649 3914 728 3968 initio
755 3917 959 3983 transferrem,
984 3926 1017 3968 ut
1036 3914 1119 3972 beret

52 4007 210 4062 translatio
235 4004 335 4074 digua,
359 4022 432 4075 quac
459 4003 633 4059 (luntianis
657 4005 819 4074 legeretur:
848 4019 937 4078 spero
963 4006 1041 4062 euim
1059 4021 1116 4063 nos
