2574 4724
183 318 247 383 eso
357 277 360 281 ’
448 417 452 423 ¹
662 315 751 382 stes.

184 472 263 530 hoec
280 471 418 530 dicebam
435 471 529 531 vobis.
564 473 655 550 Quod
673 485 770 531 autem
787 474 892 530 Petrus
909 483 939 530 et
953 472 1064 532 Paulus
1083 473 1232 542 dixerunt,

114 551 117 560 ¹
184 565 298 636 absque
322 565 412 620 dubio
436 567 532 620 etalii
558 567 698 620 dixerunt
722 580 846 631 omnes,
872 565 943 619 licet
967 564 1101 619 Christus
1128 565 1233 619 eadem

185 654 296 709 dixerit
312 666 382 708 tunc
390 693 399 720 ,
417 671 492 725 quae
510 665 615 726 postea
627 655 763 726 Apostoli
776 665 873 708 tamen
885 655 909 719 ¹)
922 663 988 708 ante
1001 653 1137 724 spiritum
1149 671 1233 724 pror.

183 758 234 798 sus
251 759 312 798 non
329 742 553 812 intellexerunt,
570 745 622 798 sed
635 746 710 799 sicut
725 743 810 797 dicit:
837 742 898 796 Ille
909 749 1059 817 suqqeret
1069 740 1155 798 nobis
1164 760 1234 798 om:

185 833 243 888 nia
267 850 348 907 quae
374 833 461 888 diei:
485 843 515 886 et
535 835 657 888 iterum:
683 832 736 886 ille
758 851 806 886 me
831 830 1025 900 clarificabit
1046 841 1104 887 ete.
1140 832 1233 888 Erant

185 924 264 977 enim
277 924 382 992 rudes,
399 933 431 978 ut
442 940 565 992 regnum
578 925 642 992 ejus
660 933 795 993 putarent
811 923 874 976 fore
892 923 1054 990 temporale
1071 924 1196 991 (Actor.
1209 923 1231 977 l.
1276 986 1280 995 Α

184 1020 216 1066 et
233 1013 335 1068 Lucae
359 1012 494 1079 ultimo):
521 1013 628 1083 alioqui
651 1029 712 1067 non
737 1012 862 1066 fuissent
884 1011 927 1066 sic
952 1013 982 1065 in
1006 1012 1145 1081 passione
1169 1013 1233 1082 ejus

183 1102 367 1156 scandalisati
385 1112 413 1155 et
429 1103 556 1156 confusi.
589 1099 773 1156 Nesciebant
790 1101 868 1154 enim
885 1099 980 1154 adhuc
992 1100 1177 1170 Scripturas,
1195 1101 1233 1156 ait

182 1187 316 1244 Joe‘nnes
333 1190 399 1244 XX.
434 1187 502 1259 lpse
525 1198 620 1242 autem
643 1189 708 1243 ideo
726 1189 802 1243 haee
817 1188 918 1242 eadem
937 1188 1097 1258 praedixit,
1123 1199 1156 1243 ut
1180 1207 1234 1261 po.

183 1287 246 1334 stea
270 1277 457 1332 recordantes
479 1277 592 1331 firmius
617 1287 646 1332 et
671 1277 782 1332 certius
806 1278 976 1343 crederent,
1003 1292 1072 1331 cum
1098 1276 1235 1333 viderent

182 1365 262 1422 idem
279 1384 294 1419 a
312 1367 421 1438 Spiritu
438 1367 556 1434 doceri,
581 1364 663 1437 quod
679 1367 727 1420 ille
745 1367 916 1433 docuisset,
938 1366 1014 1420 sicut
1030 1366 1115 1422 dicit:
1144 1369 1235 1423 Haeo

182 1454 333 1528 loquutus
356 1446 442 1523 sum,
470 1462 505 1509 ut
524 1466 601 1509 ‘eum
615 1454 714 1525 sacto
730 1453 875 1523 suerint,
904 1455 1053 1510 credatis.
1087 1456 1135 1510 Sic
1161 1472 1235 1527 ergo

182 1544 305 1613 Spiritus
323 1561 372 1613 ea,
389 1559 462 1615 quae
480 1543 617 1598 Christus
635 1543 765 1602 breviter
782 1557 810 1599 et
827 1544 971 1611 obscure,
990 1556 1094 1614 postea
1112 1546 1195 1600 clare
1206 1556 1236 1601 et

183 1635 306 1706 copiose
324 1634 441 1699 docuit,
458 1650 519 1705 quo
530 1634 622 1691 modo
635 1645 663 1688 et
675 1634 788 1689 Mosen
806 1643 834 1689 et
846 1634 1016 1706 Prophetas
1028 1635 1112 1704 prius
1124 1636 1235 1691 obsco.

183 1739 253 1793 ros,
271 1723 374 1777 deinde
393 1732 511 1794 apertos
528 1723 618 1776 habet
633 1721 788 1792 spiritualis
804 1723 908 1777 homo.

247 1826 274 1875 2.
297 1820 442 1892 Expedit
466 1817 567 1888 vobis,
591 1826 625 1872 ut
650 1819 768 1873 eadam
791 1828 846 1873 etc.
882 1819 959 1893 Quia
983 1821 1106 1876 carnalis
1133 1820 1179 1875 illa
1206 1830 1236 1877 et

181 1912 263 1967 rudis
282 1911 381 1983 opinio
400 1911 436 1965 de
453 1926 545 1980 regno
564 1909 675 1963 Christi
693 1926 752 1963 non
770 1909 865 1979 potuit
881 1910 961 1978 tolli,
979 1926 1036 1964 nec
1053 1911 1150 1981 potuit
1161 1911 1235 1966 tides

183 2000 292 2057 Christi
311 2000 374 2055 lieri
392 2000 598 2070 omnipotens,
623 1998 678 2053 nisi
696 2000 731 2053 ad
748 2000 901 2053 dexteram
917 1998 1016 2054 Petris
1032 1999 1105 2067 iret,
1127 2009 1159 2055 ut
1181 2001 1236 2056 im.

180 2092 275 2162 pleret
293 2090 407 2154 omnia,
433 2097 463 2143 et
480 2089 624 2154 sciretur,
650 2088 731 2158 quod
753 2088 783 2142 in
809 2089 946 2143 omnibus
973 2105 1092 2144 servare
1118 2099 1235 2162 posset.

181 2180 227 2235 llli
246 2180 325 2235 enim
341 2192 405 2234 tum
421 2180 520 2233 solum
537 2178 633 2247 gladio
651 2186 679 2231 et
697 2177 727 2232 in
752 2194 839 2231 earne
858 2177 969 2231 servari
992 2195 1118 2255 regnum
1140 2180 1235 2235 Israel

180 2271 358 2335 voluerunt,
377 2267 516 2338 exemplo
534 2266 720 2337 antiquorum
738 2282 859 2335 regum,
882 2267 962 2335 quod
979 2265 1051 2340 nihil
1069 2268 1235 2338 profuisset

181 2358 368 2412 adsalutem.
402 2359 444 2410 At
468 2373 547 2409 nunc
571 2355 600 2408 in
623 2363 775 2408 aeternum
800 2354 905 2426 spiritu
931 2365 961 2409 et
978 2372 1067 2410 carne
1084 2368 1187 2426 regnat
1205 2368 1235 2413 et

181 2457 291 2502 servat.

246 2545 272 2595 3.
291 2540 339 2594 Sic
358 2549 386 2594 et
403 2541 488 2596 illud:
505 2541 608 2596 Nemo
626 2537 851 2613 iuterroqabat
867 2557 937 2594 eum
954 2541 992 2595 de
1008 2541 1070 2597 isto
1086 2542 1233 2598 transitu

182 2646 245 2704 quo
262 2630 340 2697 iret,
357 2630 422 2701 quia
439 2647 499 2684 non
517 2628 677 2700 capiebant.
690 2627 717 2695 ²)
752 2629 977 2699 interrogabant
994 2643 1092 2686 autem
1109 2634 1234 2703 ruditer,

181 2737 242 2792 quo
254 2719 392 2786 vaderet,
412 2719 478 2790 quia
491 2719 646 2789 putabant,
664 2736 733 2773 eum
751 2738 805 2790 per
820 2721 884 2775 loca
902 2718 1035 2793 aliqua³)
1054 2723 1095 2776 ire
1107 2723 1137 2778 in
1148 2740 1236 2778 mun.

182 2809 221 2863 do
241 2808 454 2880 corporaliter,
471 2809 499 2862 in
517 2825 578 2878 quo
596 2809 821 2878 praesumebant
839 2825 906 2865 seso
924 2811 1010 2881 sequi
1028 2813 1115 2866 velle.

245 2909 271 2969 ll.
291 2915 369 2989 Quia
388 2914 543 2968 insufflavit
559 2914 713 2984 spiritum,
738 2915 822 2968 etiam
846 2916 974 2985 pertinet
998 2917 1033 2971 ad
1055 2918 1234 2988 promissio.

182 3021 252 3061 nem
269 3004 388 3076 spiritus
406 3003 508 3069 dandi,
535 3003 616 3073 quod
640 3004 773 3057 nondum
796 3004 1004 3059 intellexerunt
1020 3005 1076 3060 nisi
1093 3007 1234 3062 veniente

183 3095 307 3166 spiritu,
333 3093 409 3148 sicut
426 3108 512 3163 supra
529 3096 555 3146 3.
574 3092 747 3162 quaestione
764 3093 799 3146 de
816 3092 918 3147 verbis
937 3093 1083 3163 diximus,
1110 3106 1143 3151 ut
1160 3097 1235 3152 certi

182 3194 213 3238 et
232 3182 305 3236 firmi
324 3191 444 3246 essent,
461 3182 541 3235 hunc
559 3197 625 3236 esse
639 3181 774 3250 spiritum
783 3222 793 3249 ,
812 3198 901 3253 quern
915 3181 1052 3238 Christus
1065 3193 1135 3238 tuno
1146 3184 1235 3240 etiam

183 3274 268 3343 signo
287 3272 391 3326 visibili
410 3271 545 3341 promisit
562 3280 590 3323 et
609 3269 725 3325 obtulit.

248 3374 275 3424 5.
292 3370 353 3424 Per
368 3369 428 3424 hoc
445 3370 480 3422 ad
497 3368 646 3435 ultimum,
671 3378 736 3438 post
753 3369 1016 3438 resurrectionem,
1040 3372 1157 3440 plenam
1173 3373 1235 3444 spi.

184 3457 259 3514 ritus
276 3468 305 3512 et
322 3459 454 3513 omnium
470 3458 601 3513 notitiam
625 3457 654 3511 in
678 3458 770 3511 verbo
796 3469 825 3513 et
843 3459 926 3528 signo
944 3461 1235 3533 promissionemque

185 3559 373 3618 acceperant.
406 3549 444 3602 Et
461 3558 524 3602 erat
540 3548 759 3615 necessarium,
777 3558 808 3601 ut
826 3549 854 3601 in
869 3543 898 3613 ¹⁸)
917 3549 995 3604 initio
1013 3549 1165 3604 Ecclesiae
1184 3553 1235 3605 da.

184 3651 269 3694 retur
284 3640 403 3709 spiritus
420 3640 577 3692 manifesto
596 3637 680 3706 signo
698 3647 727 3691 et
745 3654 849 3706 magno
867 3639 1026 3705 miraculo,
1049 3656 1118 3693 cum
1142 3650 1185 3693 tot
1205 3643 1236 3697 in

185 3728 250 3798 lege
268 3729 449 3798 abroganda,
467 3737 512 3782 tot
529 3727 692 3782 innovanda
710 3743 763 3798 per
780 3727 884 3780 orbem
902 3737 1000 3780 essent
1008 3722 1026 3795 ,'
1034 3746 1071 3783 ne
1088 3729 1235 3799 humana,

234 3978 255 4027 1)
269 3975 363 4021 Auris.
378 3979 434 4023 tom.
472 3977 602 4032 morit.
617 3977 752 4034 cupiebant.
787 3977 810 4030 3)
825 3975 849 4022 c.
862 3976 884 4020 J.
899 3975 987 4036 aliquo.
1024 3979 1047 4031 t)
1061 3975 1087 4022 C.
1100 3976 1123 4022 J.
1141 3977 1181 4022 ob.
