2574 4724
566 318 655 383 1522.
1072 320 1132 383 20³

153 472 246 528 Mitto
262 472 312 527 hic
330 473 573 544 supplicationem
591 473 888 546 altenburgensium,
911 474 961 546 qni
977 490 1026 529 me
1043 473 1133 529 intera

89 563 219 634 pellant,
244 574 277 616 ut
295 580 348 632 pro
371 563 508 618 Gabriele
534 564 662 619 scribam
687 565 864 619 obtinendo:
889 581 944 632 ego
961 562 1134 632 autemjam

89 662 173 706 antea
191 652 298 722 scripsi
315 654 350 705 de
369 653 494 718 eodem,
511 663 540 706 et
557 653 683 707 arbitror
698 653 818 707 omnino
835 653 964 724 Principi
982 669 1049 708 esse
1066 652 1134 706 red.

89 741 165 795 ditas
190 741 298 794 literas.
332 741 398 808 Ego
423 742 566 796 existimo
586 741 754 797 Gabrielem
779 742 857 797 istuc
882 759 949 798 esse
975 752 1134 808 vocaturn,

89 832 157 886 ideo
181 831 315 885 mandavi
333 833 378 898 ei,
404 851 441 885 ne
459 833 642 898 discederet,
668 833 764 887 donec
788 833 934 904 Princeps
951 834 1038 887 aliurn
1056 833 1136 893 istnc

89 921 224 986 miserit,
249 934 278 975 et
294 922 336 974 sic
354 922 481 991 pervim
508 922 618 989 ejiciat,
643 940 742 993 neque
766 923 893 977 consilio
911 941 1006 994 neque
1024 923 1134 977 auxilio

88 1026 159 1066 meo
177 1011 266 1065 debet
282 1013 305 1078 ¹)
332 1011 471 1064 recedere
494 1012 550 1066 nisi
573 1012 756 1082 compulsus.
791 1012 877 1080 Scio,
900 1012 970 1083 quid
987 1013 1136 1082 Princeps

89 1111 220 1167 metuat,
247 1100 311 1153 scio
336 1101 438 1161 etiam,
464 1101 542 1171 quod
565 1101 594 1154 in
618 1119 706 1155 carne
729 1101 825 1155 adhuc
848 1117 970 1170 sumus,
995 1115 1023 1156 et
1044 1102 1137 1158 multa

90 1191 246 1257 timemus,
270 1190 319 1244 ubi
336 1191 425 1245 timor
443 1209 501 1245 non
519 1203 573 1247 est.
608 1193 743 1260 Summa,
763 1192 847 1247 iaciat
863 1193 1007 1264 Princeps
1025 1203 1054 1249 et
1071 1193 1136 1248 aula

90 1281 120 1337 ia
136 1280 195 1335 hac
213 1298 263 1348 re,
289 1282 370 1351 quod
392 1282 553 1337 voluerint:
580 1301 635 1352 ego
653 1283 769 1355 Spiritui
787 1292 888 1338 sancto
904 1301 965 1338 non
984 1283 1136 1351 resistam,

91 1370 145 1442 ipsi
161 1371 296 1426 viderint.
332 1371 476 1425 Sententia
493 1368 639 1440 mea'est‚
657 1391 717 1428 non
734 1374 853 1444 probari
869 1391 926 1428 nec
943 1374 1136 1429 consentiris

91 1478 159 1526 me,
180 1460 348 1516 Gabrielem
365 1461 422 1515 illic
440 1462 696 1530 submovendum,
724 1481 820 1535 neque
838 1481 940 1519 rtrrsns
958 1467 1071 1520 animus
1088 1473 1144 1529 est,

93 1551 175 1604 illum
191 1552 267 1604 ultra
285 1551 509 1615 commendare,
533 1553 580 1605 vel
603 1552 632 1605 in
657 1569 693 1605 eo
717 1554 786 1606 loco
809 1554 882 1607 tueri
900 1555 1040 1609 adversus
1058 1554 1136 1611 vim:

91 1658 148 1696 vos
166 1641 306 1694 videritis.
334 1642 415 1694 Bene
432 1642 496 1694 vale
512 1640 541 1694 in
558 1641 701 1696 Domino.
732 1628 849 1698 Cursim
867 1644 912 1698 die
927 1644 1136 1713 Ascensionis,

92 1749 170 1786 anno
186 1730 361 1786 Mnn'xu.

715 1821 800 1878 Tuus
817 1821 963 1878 Martinus
980 1822 1107 1882 Luther.

126 2155 169 2215 29.
187 2151 278 2219 blaa.
884 2153 935 2210 ΝΟ.
953 2152 1105 2210 ccccm.

453 2305 500 2372 lta
523 2301 613 2386 [lob.
636 2302 775 2385 iatine.

144 2463 168 2513 8.
181 2463 257 2514 {mitt
268 2463 306 2510 rla
319 2463 379 2515 itit.
394 2462 541 2512 winetre
555 2462 643 2514 tutilrb
657 2467 703 2510 ortt
716 2464 835 2515 ttntabntr
849 2464 883 2510 tte
897 2464 1019 2517 blaterant
1033 2462 1070 2509 let
1083 2460 1137 2520 ptis

95 2539 159 2591 iloto
172 2537 224 2586 ntdr
238 2540 283 2584 art
297 2538 349 2586 norb
363 2539 427 2584 turni
441 2538 475 2582 tlt
489 2539 565 2588 refiert
579 2538 692 2587 stamina
706 2538 767 2585 nint
779 2537 844 2584 tardi
857 2539 1004 2591 ntttrrttttantt
1013 2540 1138 2590 alturnam

96 2622 123 2662 ru
137 2612 253 2663 rtrttirtttr
266 2612 370 2657 narirbrt
384 2621 407 2657 rr
420 2612 458 2657 titt
471 2613 648 2663 &trttr'dttlbttt
661 2623 691 2658 on
705 2613 739 2658 tte
753 2614 862 2664 Gtr‘arttt
875 2609 965 2658 braden
979 2613 1047 2663 laica
1060 2612 1119 2658 tritt.¹

544 2754 684 2770 —-

145 2829 147 2833 ’
232 2847 996 2902 annurtiaserntst.oruttarntsrtanxrns

96 2986 206 3084 Gratio
224 3041 252 3084 et
277 3047 335 3102 pax
361 3032 389 3085 in
414 3031 543 3086 Christo.
578 3032 712 3086 Lexicon
737 3031 904 3091 llcbraicon
923 3029 1056 3094 remitto,
1085 3027 1139 3082 sed

98 3121 167 3174 illud
193 3122 340 3192 primum,
365 3124 443 3193 quod
469 3123 538 3175 olim
564 3122 715 3175 Erlordiae
741 3137 868 3175 emeram
887 3119 922 3172 ab
948 3118 1044 3172 initio:
1070 3135 1138 3172 narn

97 3220 179 3264 tuum
197 3224 320 3282 propter
343 3211 462 3265 crebras
488 3214 689 3266 annotationes
713 3229 767 3282 pro
785 3228 850 3264 mea
873 3219 960 3263 teneo
977 3205 1138 3275 memoria,

99 3319 264 3371 quanquam
287 3312 316 3355 et
334 3302 408 3355 istutl
432 3304 542 3371 aliquot
560 3302 682 3368 lrabeat,
708 3301 812 3371 quibus
830 3318 914 3368 aegre
933 3316 1039 3363 careo,
1066 3309 1093 3350 et
1109 3308 1140 3349 tn

99 3391 152 3445 illis
170 3409 230 3444 non
248 3391 384 3445 omnibus
402 3393 511 3455 crede,
530 3392 684 3462 aliqnando
703 3392 779 3444 enirn
797 3389 932 3443 divinavi.

166 3480 329 3551 llpistolam
346 3483 381 3535 ad
399 3482 564 3534 Ecclesiam
580 3493 709 3535 vestram
727 3481 823 3533 animo
842 3498 951 3542 verso,
969 3479 1021 3532 sed
1039 3477 1142 3530 distra.

99 3583 163 3624 ctus
181 3573 205 3636 ²)
224 3571 406 3625 multitudine
425 3589 543 3635 rerum,
567 3573 696 3624 nondum
716 3570 864 3641 parturio,
890 3571 959 3626 volo
976 3579 1072 3622 tamen
1090 3568 1141 3622 ali.

99 3661 215 3730 parando
240 3663 393 3731 parturire.
432 3661 482 3714 De
508 3663 587 3713 cultu
612 3661 784 3713 Sanctorum
808 3645 888 3712 tottis
912 3659 991 3712 orbis
1017 3645 1139 3725 (miror)

100 3753 211 3822 quaerit
230 3753 286 3819 ita,
312 3763 344 3805 ut
362 3769 451 3819 cogar
469 3753 503 3805 de
523 3752 586 3822 ipso
606 3752 634 3804 in
652 3750 748 3804 lucent
773 3751 903 3821 proferre
916 3751 1060 3822 judicium
1078 3767 1140 3811 nte.

146 4007 167 4053 1>
188 4003 245 4048 Cod.
259 4003 312 4049 Jen.
327 4005 341 4055 ⁴r
355 4003 413 4048 illic.
464 4005 485 4052 2>
500 4002 593 4048 ⁴luris.
608 4003 749 4058 distructas,
764 4000 917 4057 mauditbltt.
