2574 4724
117 292 179 367 ut
288 324 292 332 ·
393 252 398 265 ¹
595 302 686 370 152³.

87 511 90 517 .
182 456 339 512 Caeterum
355 457 472 529 quando
489 465 521 513 tu
539 467 644 514 noster
666 465 696 512 et
719 456 853 513 omnium
869 462 1025 527 requenter
1045 466 1078 524 ea
1093 450 1170 527 inter

114 543 285 619 Principem
302 556 332 602 et
349 560 403 602 noc
412 586 422 616 ,
439 555 523 617 rogat
538 547 629 603 Prior
646 556 768 616 noster,
785 557 818 601 ut
834 546 910 618 apud
926 543 1098 616 Principem
1113 543 1170 598 im.

114 637 215 708 petrei
240 636 407 691 mandatum
430 647 534 692 contra
559 636 750 692 reditnarium
771 646 909 691 nostrum
926 633 1171 705 Christopiroron

115 725 278 779 aBrecsen
304 723 333 779 in
351 724 550 794 Mutterwitz,
576 726 626 796 qui
639 725 702 795 jam
719 739 827 778 annum
845 733 941 778 totum
958 724 1055 778 ferme
1073 721 1173 777 differt

117 829 243 872 censum
253 818 293 874 ·90
308 814 490 869 florenorum
510 816 650 887 pendere.
684 815 821 870 Obtinuit
844 831 914 869 sane
937 830 953 867 a
977 811 1069 869 nobie
1091 811 1173 868 varia

114 912 267 964 momenta
286 904 452 970 dilationis,
468 915 592 976 propter
604 906 718 974 nuptias
730 920 818 972 suae,
836 913 865 959 et
881 903 976 960 nostri
989 903 1072 956 forte
1086 901 1174 958 officii

117 989 241 1061 fuisset,
267 991 293 1048 ei
312 994 424 1064 prodigi
448 1010 516 1049 esse
533 994 696 1059 vellemus,
722 993 874 1079 remiptere
892 1002 1005 1058 totum:
1031 991 1086 1046 aed
1103 990 1174 1064 quie

61 1115 62 1118 =
112 1096 162 1136 ree
179 1092 298 1138 nostrae
310 1084 373 1150 jam
391 1083 420 1137 in
436 1083 498 1137 hoc
511 1092 589 1136 statu
605 1099 667 1137 non
679 1090 768 1151 cunt,
785 1081 862 1136 illiue
876 1079 1007 1151 periculo
1019 1079 1174 1133 differren.

112 1181 163 1228 tur
179 1184 229 1227 eut
242 1163 273 1229 ¹in
285 1172 436 1227 cumulum
449 1183 624 1240 augerentur
635 1186 754 1227 censue.
788 1170 908 1227 Deinde
920 1169 1001 1240 quod
1013 1185 1071 1224 noe
1084 1179 1173 1239 urget

112 1259 245 1316 Biankue
263 1261 292 1315 in
308 1262 422 1323 minure
434 1260 556 1316 Choror
579 1260 709 1317 Proinde
722 1277 793 1315 cum
804 1260 922 1314 tandem
934 1268 995 1313 tota
1005 1257 1169 1312 substantia

114 1349 152 1404 eit
174 1350 210 1404 ad
226 1349 398 1420 Principem
415 1359 590 1418 reversura,
617 1365 687 1404 curn
706 1365 761 1418 ego
779 1349 863 1404 solue
881 1349 975 1403 ferme
992 1348 1051 1402 eim
1068 1347 1173 1403 dorne,

114 1438 208 1493 uticus
224 1440 318 1493 nostri
334 1438 526 1506 monasterii,
552 1449 635 1493 curet
658 1437 720 1495 hoc
736 1437 829 1492 breve
845 1438 924 1492 vitae
941 1451 1024 1490 meae
1050 1446 1171 1508 tempus

11 1528 13 1534 '
112 1525 165 1582 hic
182 1525 322 1607 censibus
337 1528 448 1582 nostrie
475 1544 509 1583 ac
527 1528 701 1599 propediem
718 1528 845 1592 aniame
870 1525 916 1580 eli.
950 1526 1014 1580 Aut
1037 1524 1171 1595 nigrare

116 1628 180 1686 est,
206 1618 304 1673 statim
321 1619 356 1673 ad
373 1633 407 1673 ee
425 1617 557 1688 recipiat.
591 1619 679 1673 Certe
699 1634 766 1673 aere
783 1618 877 1672 alieno
895 1615 1025 1671 vivimus
1038 1615 1103 1686 jam
1122 1615 1171 1670 diu

115 1706 157 1763 ob
179 1707 328 1763 defectum
351 1723 504 1763 censuum.
539 1689 635 1777 Spero¹
655 1716 753 1762 tamen
777 1723 839 1762 non
863 1705 913 1759 diu
928 1721 978 1760 me
997 1704 1170 1776 victurum,

118 1796 239 1877 Christo
255 1797 387 1879 propitio
405 1808 435 1854 et
451 1797 530 1852 irato.
543 1797 677 1872 principe
695 1798 803 1851 muudi.
929 1786 931 1791 ’
1184 1783 1187 1787 ’

185 1903 278 1960 Paulo
303 1904 507 1960 inclementius
528 1916 563 1961 tu
583 1903 693 1960 donam
714 1902 1068 1972 Praepositumtractee.
1101 1899 1173 1957 Tibi

117 1993 206 2050 facile
224 2005 271 2049 eet
287 1993 441 2050 hominem
458 1994 566 2066 alioqui
578 1993 723 2050 molestiis
735 2010 795 2048 non
813 1992 880 2047 unio
892 2002 954 2046 tum
970 1991 1097 2048 uxoriae
1108 2001 1173 2047 tum
1198 2059 1204 2071 Ι

119 2072 272 2140 famiiiarie
289 2082 331 2139 rei
348 2081 432 2139 valde
453 2083 531 2139 hene
548 2083 734 2139 humiliatum
752 2082 886 2153 fatigare,
910 2097 977 2136 cum
994 2092 1026 2137 tu
1051 2081 1172 2138 interim

119 2172 204 2229 dives
222 2187 250 2227 et
265 2174 328 2228 sine
345 2191 443 2237 uxore
457 2173 532 2229 liber
547 2173 624 2229 belie
635 2173 751 2230 otiosus
762 2173 805 2228 tui
818 2182 928 2227 tantum
941 2188 1044 2227 curam
1055 2172 1173 2230 habene

121 2262 175 2318 cis.
209 2259 299 2331 Noli,
324 2280 453 2334 quaeso,
476 2264 588 2318 bonum
611 2263 709 2318 virum
732 2261 834 2317 additio
850 2261 1003 2317 doionibus
1028 2260 1174 2332 affligere,

120 2369 180 2420 nec
198 2352 303 2406 credas
316 2352 453 2406 omnibus
460 2393 470 2420 ,
488 2351 538 2425 qui
556 2368 624 2407 eum
638 2352 689 2406 tibi
703 2352 848 2406 deterunt.
882 2350 961 2405 Mihi
974 2362 1055 2405 certe
1073 2350 1174 2410 adhuc

122 2441 169 2497 tir
186 2441 259 2495 atius
277 2459 337 2494 non
350 2442 481 2507 videtur,
499 2458 589 2511 quam
600 2441 745 2495 hactenus
759 2442 860 2509 visun,
878 2440 937 2494 imo
948 2441 1065 2511 major,
1084 2459 1176 2513 quam

122 2530 269 2586 hactenus
287 2532 350 2585 fuit.
383 2530 459 2585 Esto
476 2529 642 2599 'l'orgeneis
659 2530 775 2598 bonus,
802 2530 854 2585 sed
873 2540 970 2585 tamen
991 2531 1118 2600 impius,
1146 2543 1177 2586 et

121 2618 296 2691 Principem
314 2635 369 2690 pro
387 2619 466 2673 idolo
483 2617 617 2688 habens,
635 2619 663 2673 id
681 2620 762 2689 quod
781 2636 836 2688 ego
850 2623 925 2674 scio.
958 2619 999 2675 Et
1011 2621 1099 2692 quale
1118 2631 1177 2690 est,

122 2707 221 2763 donae
239 2726 300 2763 non
315 2709 485 2780 permittere
503 2709 532 2764 in
550 2708 612 2764 suis
630 2708 775 2765 molestiis
796 2709 950 2764 consulum
970 2709 1059 2765 istum
1079 2723 1178 2782 gratu.

125 2800 189 2867 ito,
213 2797 296 2852 brevi
314 2810 467 2870 tempore,
492 2798 521 2852 id
538 2798 619 2871 quod
637 2800 701 2854 sine
718 2810 844 2870 peccato
860 2799 988 2870 permitti
1006 2809 1125 2870 potest,
1150 2811 1180 2856 et

129 2897 230 2944 tamen
258 2905 383 2957 urgere,
411 2898 444 2942 ut
468 2889 547 2960 impii
573 2889 613 2944 illi
637 2905 705 2944 suas
731 2882 890 2957 sacrilegae
915 2889 1022 2944 missae
1044 2891 1178 2962 quotidie

124 2979 239 3048 majore
256 2976 439 3047 blasphemia
457 2978 485 3031 in
502 2978 606 3035 Deum
625 2980 710 3034 etiam
722 2978 855 3047 jactent,
879 2979 988 3033 nedum
1005 2979 1179 3048 celebrent,

126 3079 176 3125 aut
193 3069 299 3123 saitem
326 3067 381 3122 iliis
398 3085 459 3122 non
476 3067 633 3124 resistere?
656 3067 754 3122 Tuam
778 3068 956 3138 nequitatem
972 3066 1023 3123 hic
1041 3070 1179 3142 requiro.

125 3164 177 3215 An
193 3176 254 3214 non
272 3167 302 3213 et
317 3174 374 3213 vos
390 3156 528 3214 homines
546 3157 617 3212 estis
630 3157 676 3221 sic
693 3157 870 3226 sentiendo,
887 3159 947 3211 imo
965 3175 1000 3212 an
1018 3176 1080 3213 non
1089 3161 1180 3231 parti.

126 3250 211 3319 cipes
231 3248 296 3304 sitis
313 3248 447 3303 omnium
464 3247 663 3320 impietatum,
681 3248 789 3320 quibus
805 3259 839 3303 ut
861 3259 1072 3317 perseverent,
1089 3267 1180 3307 causa

127 3340 232 3396 efficax
250 3339 344 3395 estis?
360 3338 477 3394 Parcite
496 3353 566 3407 ergo
576 3378 586 3406 ,
604 3338 681 3393 sicut
697 3338 785 3393 vobis
802 3337 885 3409 parci
902 3339 1010 3406 vultis,
1036 3348 1066 3394 et
1083 3341 1182 3397 dimit.

125 3429 198 3495 tite,
213 3428 348 3483 utvcbis
356 3427 564 3495 dimittantur,
581 3428 666 3484 sinite
683 3427 755 3481 elice
770 3426 929 3482 nobiscum
946 3444 1051 3497 agere,
1069 3429 1181 3501 quibus

125 3517 198 3592 quid
222 3517 491 3591 responderemus,
515 3526 596 3571 certe
620 3509 744 3587 copiose
765 3515 984 3585 inveniremus,
1011 3519 1093 3590 quod
1118 3537 1181 3577 uon

127 3608 167 3665 sit
183 3617 281 3664 tutum
297 3608 440 3661 adversus
452 3605 512 3662 Dei
528 3599 654 3660 verbnm
671 3615 700 3659 et
712 3603 852 3679 Spiritum
864 3601 953 3678 ioqui.
988 3607 1061 3662 Vale
1078 3618 1109 3663 et
1126 3626 1181 3666 ora

125 3712 185 3771 pro
202 3713 262 3752 me.
295 3695 356 3752 Die
374 3694 450 3752 Galli
459 3733 471 3763 ,
487 3693 674 3750 MDXXHI.

815 3789 965 3850 Martinus
983 3784 1148 3855 Luthe'rue.
