2574 4724
94 310 158 383 us
575 308 672 382 ms:

93 471 284 542 extollimur,
307 476 395 545 quam
417 468 446 527 in
464 479 493 527 te
510 472 625 540 valere,
651 484 792 540 regnare,
822 473 855 524 et
869 466 1075 541 'triumpb'are
1091 467 1158 523 rib.

91 578 159 618 mus
176 561 355 639 etaudim‘us
373 578 445 617 cum
462 562 586 632 gaudio,
610 571 642 616 ut
659 560 920 642 quemadmodum
939 570 1070 632 pastor,
1092 559 1158 616 sisui

92 654 191 708 Amos
207 643 352 723 lo‘quitur,
372 653 450 708 eruit
467 669 507 708 ex
522 636 576 707 ore
593 652 652 723 lupi
670 661 842 706 extremum
860 651 1026 706 auriculae
1043 663 1093 706 aut
1107 652 1158 704 duo

93 758 197 810 erura,
219 742 265 801 ,sic
281 751 311 796 te
335 742 458 797 unicum
481 752 509 796 et
525 742 625 799 solum
649 741 731 796 inter·
746 755 857 795 omues
881 741 1060 814 episcopos
1086 740 1158 796 orbis

92 831 216 899 elegerit
230 830 384 887 Dominus
402 842 433 886 et
449 831 617 886 liberaverit
633 845 673 884 ex
689 846 743 885 ore
760 829 907 898 Satanae,
927 832 1021 902 quod
1038 830 1158 889 ditatus

92 919 170 976 sicut
195 919 364 988 interum,
391 931 421 975 et
445 921 566 975 devorat
591 930 707 975 omnes.
740 917 826 974 Ntltil
854 918 942 974 enim
968 919 1156 975 videmusin

91 1011 216 1065 caeteris
241 1010 392 1082 episcopis
413 1010 594 1082 (quanquam
619 1025 685 1065 esse
709 1008 786 1063 inter
809 1025 867 1064 eoa
894 1003 1031 1082 sperem
1055 1012 1157 1082 aliquot

52 1118 60 1127 ·
88 1096 311 1167 Nicodamus),
337 1099 393 1153 nisi
411 1100 492 1170 quod
508 1097 661 1153 subversis
678 1097 805 1152 Caesare
826 1107 859 1152 et
875 1096 1010 1167 regibus
1028 1116 1064 1153 ac
1088 1098 1157 1168 prin.

51 1196 56 1201 '
90 1189 226 1260 cipibus,
244 1189 374 1244 tremunt
391 1198 421 1243 et
438 1187 585 1243 insaniunt
602 1197 706 1242 contra
723 1202 885 1256 resurgens
903 1189 963 1244 vel
981 1191 1085 1260 potius
1105 1189 1157 1243 uri.

54 1296 58 1301 ·
92 1292 147 1332 ens
164 1275 347 1343 Euangeliou
355 1314 365 1343 ‚
387 1285 420 1330 ut
437 1277 460 1341 ¹)
488 1276 585 1330 denuo
612 1276 750 1348 impleant
774 1275 848 1330 illud
868 1275 996 1333 Psalmi
1021 1277 1155 1334 secundi:

90 1364 279 1422 Astiterunt
294 1379 386 1437 repes
402 1371 510 1419 terroe
527 1370 557 1418 et
574 1362 741 1435 principes
755 1372 985 1421 convenerunt
1000 1366 1038 1422 in
1055 1382 1157 1435 unna,

92 1453 246 1508 adversus
263 1452 438 1507 Dominum
465 1457 495 1506 et
518 1452 673 1507 aduersus
689 1451 853 1509 Christum
878 1455 967 1524 eius.
1004 1457 1079 1532 Quo
1096 1474 1157 1528 pro.

93 1553 184 1615 ¹vocet
199 1542 306 1611 simul,
322 1552 356 1597 ut
372 1551 401 1595 et
412 1542 501 1597 Deus
519 1543 547 1597 in
565 1541 607 1597 eis
624 1542 763 1614 impleat,
779 1542 862 1614 qiiod
878 1547 1042 1617 sequitur:
1061 1544 1157 1603 Hadi-

89 1638 180 1689 tator
192 1631 270 1687 coeli
281 1628 414 1700 ridebit,
431 1638 461 1686 et
472 1631 633 1687 Dominus
644 1629 824 1690 subsannat
834 1649 900 1689 eos.
942 1634 1043 1692 Tune
1054 1638 1156 1712 loque·

89 1730 146 1780 tur
162 1722 208 1778 od
222 1737 275 1777 eos
291 1721 327 1777 in
344 1721 398 1778 iro
414 1737 476 1778 sua
484 1763 494 1792 ‚
511 1728 542 1776 et
555 1722 592 1777 in
599 1719 721 1794 surore
736 1738 795 1778 suo
811 1725 1032 1784 conturbabit
1046 1745 1111 1784 eos.

69 1826 71 1831 ¹
157 1826 228 1895 Tibi
243 1856 317 1893 vero
335 1854 369 1893 ea
386 1838 541 1908 singularis
560 1839 643 1908 plane
661 1847 690 1892 et
703 1835 843 1893 mirabilis
861 1840 958 1908 gratia
976 1840 1088 1896 donata
1104 1849 1156 1908 est,

93 1934 205 1985 utnon
221 1927 313 1982 modo
330 1926 456 1982 verbum
473 1926 642 1998 susciperes
659 1935 688 1980 et
704 1927 864 1995 crederes,
887 1929 948 1985 sed
967 1927 1028 2001 pro
1044 1933 1156 2005 episco-

90 2018 150 2090 pali
168 2018 319 2072 autoritate
336 2017 423 2071 etiam
435 2016 529 2088 palam
548 2026 578 2071 et
589 2016 709 2088 publice
723 2013 882 2072 confessus
895 2018 1052 2090 doceres,
1070 2023 1156 2077 doce.

92 2107 177 2180 rique
194 2124 250 2178 per
265 2116 346 2161 tuam
362 2105 495 2163 diocesin
512 2122 650 2175 curares,
668 2105 827 2161 liberalite'r
840 2107 912 2172 his,
939 2111 998 2181 qui
1015 2112 1048 2167 in
1065 2111 1156 2168 verbo

89 2197 241 2265 laborant,
267 2196 416 2268 provisis,
435 2194 603 2250 videntibus
621 2194 734 2267 impiis,
761 2195 986 2271 irascentibus,
1014 2218 1049 2256 ac
1067 2202 1156 2258 denti.

89 2285 149 2340 bus
168 2286 229 2341 suis
248 2284 459 2353 trementibus,
486 2295 514 2338 et
537 2282 755 2339 tabescentibus
773 2285 894 2340 frustra.
932 2287 1024 2345 llaec
1041 2290 1155 2346 scilicet

92 2377 185 2446 gratia
201 2375 261 2430 Dei
280 2377 307 2429 in
325 2385 355 2430 te
374 2376 492 2441 collata,
516 2361 766 2445 quemadmodum
784 2372 894 2430 Paulus
912 2394 991 2433 cum
1011 2378 1154 2436 Macedo.

91 2467 178 2521 nibus
202 2465 270 2519 facit
294 2466 329 2519 ad
347 2465 537 2531 Corinthi0S,
560 2482 620 2518 non
645 2464 699 2519 tuit
716 2465 786 2519 mihi
809 2466 928 2520 silentio
951 2463 1153 2539 transeunda,

93 2557 146 2611 sed
164 2556 303 2610 omnibus
318 2555 414 2609 modis
431 2554 609 2624 evulganda,
627 2550 836 2626 praedicanda,
854 2555 1026 2630 cantanda,
1044 2563 1080 2616 ad
1097 2555 1153 2632 glo.

91 2647 165 2702 riam
182 2646 260 2711 Dei,
282 2646 315 2698 ad
334 2648 501 2717 protectum
520 2645 690 2714 Evangelii,
709 2647 743 2700 ad
761 2646 987 2705 incrementum
1008 2653 1097 2721 lidei,
1121 2654 1152 2708 ad

94 2737 231 2790 stilatium
249 2736 452 2802 intirmorum,
475 2747 504 2790 et
522 2752 643 2802 eorum,
666 2737 717 2805 qui
735 2738 810 2806 apud
828 2752 885 2791 nos
902 2740 989 2794 varia
1009 2745 1151 2814 patiuntur

90 2827 120 2881 in
137 2825 226 2879 variis
238 2831 240 2838 '
251 2824 346 2890 locis,
370 2825 405 2877 ad
422 2825 603 2878 erectionem
622 2826 815 2896 pusillorum,
842 2825 979 2898 denique
1006 2830 1096 2887 etiam
1107 2821 1149 2886 'ad

93 2923 243 2970 terrorem
267 2923 296 2968 et
320 2913 508 2982 ignominiam
526 2913 657 2968 hostium
674 2914 756 2968 verbi
778 2925 807 2969 et
833 2914 988 2973 idolorum
1012 2921 1147 2986 istorum,

93 3005 123 3060 in
146 3005 216 3062 loco
239 3003 414 3077 pontificum
437 3003 624 3072 sedentium,
653 3003 704 3076 qui
728 2995 845 3076 praeter
865 3007 1056 3075 tyrannidem
1081 3010 1146 3067 nihil

98 3095 215 3163 sciunt,
240 3112 338 3166 neque
356 3103 478 3166 possunt
495 3093 523 3147 in
542 3094 651 3149 misero
668 3092 780 3165 populo
797 3107 958 3166 praestare.
996 3099 1067 3155 Nec
1085 3093 1145 3157 s'um

94 3186 226 3251 veritus,
244 3186 325 3256 quod
337 3184 394 3240 hac
412 3184 627 3254 praedicatione
643 3200 763 3238 onerem
782 3193 810 3239 te
828 3184 899 3240 odio
917 3195 944 3240 et
964 3188 1075 3245 invidia
1087 3209 1146 3246 cae.

93 3283 229 3330 terorum
247 3273 437 3346 pontificum,
460 3289 562 3342 regum
585 3284 614 3327 et
637 3274 821 3346 principum,
845 3277 1005 3334 autetiam
1030 3282 1058 3336 in
1076 3282 1148 3354 peti.

94 3346 201 3420 cutuni
213 3365 288 3419 vitae
305 3363 439 3431 traham,
457 3364 695 3435 quandoquidem
708 3364 797 3417 hodie
815 3365 927 3420 nullum
940 3369 1083 3439 flagitium
1100 3389 1145 3442 par

95 3465 141 3508 est
165 3454 237 3508 huic
262 3454 312 3507 uni
338 3464 367 3508 et
390 3470 509 3508 summo
536 3453 708 3521 sacrilegio,
737 3452 852 3508 scilicet
876 3453 1064 3527 Euangeliou
1090 3460 1143 3516 Dei

96 3544 250 3607 confiteri,
276 3543 316 3597 ob
333 3543 414 3614 quod
435 3543 497 3612 jam
514 3541 597 3596 multi
615 3543 785 3610 sanguinem
808 3542 948 3601 fuderunt
969 3552 1143 3605 constantis.

95 3632 187 3699 sime',
211 3634 287 3687 inter
302 3649 378 3702 quos
404 3633 432 3687 in
450 3632 550 3703 primis
568 3633 669 3686 lucent
686 3633 830 3688 chricus
854 3646 882 3688 et
898 3636 1037 3694 Joannes
1055 3640 1142 3695 Brus.

95 3709 184 3778 sellae
201 3741 255 3794 per
272 3722 421 3792 sophistas
440 3721 640 3777 Lovanienses
658 3722 772 3791 exusti,
791 3734 819 3778 et
836 3734 905 3795 post
922 3744 978 3783 cos
996 3729 1141 3786 llenricus

147 3954 171 4002 ί)
192 3965 286 4018 Auris.
313 3975 345 4019 el.
