2574 4724
195 290 265 354 20‘2
675 293 763 356 1522.

195 447 329 520 impietas
346 459 394 505 aut
412 466 514 515 error,
538 451 665 521 quinon
683 451 713 506 in
729 450 842 521 majore
860 457 941 521 parte
966 446 1096 502 haeserit
1113 445 1245 517 pertines

194 537 258 593 cius
277 538 306 593 in
323 539 420 594 finem.
456 539 573 594 Utinam
595 557 634 595 ex
658 541 767 611 aliquot
794 538 935 593 cordibus
953 537 1041 591 isthic
1065 535 1152 589 evelli
1170 550 1245 606 pos.

194 628 249 683 sit:
267 640 433 699 argttmenta
450 640 548 685 tamen
565 647 669 686 eorum
686 630 759 685 nihil
775 637 889 700 urgent.

256 804 389 861 Primum
408 806 477 863 illud
495 807 608 863 Marci:
626 809 688 885 Qui
699 807 870 864 crediderit
885 814 915 861 et
931 804 1111 877 baptisatus
1118 802 1241 873 suerit,

192 905 250 951 etc.
275 899 429 968 quomodo
455 898 636 970 probabunt,
663 899 801 970 parvulos
827 913 886 951 non
913 897 1058 950 credere?
1082 897 1130 948 An
1155 894 1241 964 quod

191 999 251 1038 non
269 995 419 1041 ostentant
435 986 545 1042 fidem?
562 991 602 1042 At
613 989 668 1041 hac
681 987 793 1041 ratione
810 1003 907 1058 neque
919 1001 974 1039 nos
986 984 1094 1038 erimus
1112 984 1241 1036 creden.

149 1098 151 1106 =
190 1083 255 1140 tes,
273 1075 344 1128 dum
360 1076 542 1144 domuimus,
561 1076 693 1144 edimus,
711 1075 892 1142 laboramus,
910 1084 959 1128 aut
971 1074 1047 1127 aliud
1065 1089 1154 1143 quam
1171 1089 1242 1126 cre.

190 1165 260 1219 dere
284 1166 429 1222 facimus?
456 1167 545 1240 Quod
571 1184 641 1235 ergo
659 1167 745 1220 nobis
769 1181 910 1231 somnus,
935 1164 996 1218 hoc
1014 1163 1071 1217 illis
1089 1163 1240 1217 infantiam

189 1269 258 1308 csse
283 1272 458 1324 censemus,
484 1268 513 1310 et
535 1274 588 1327 per
598 1257 730 1311 ¹verbum
754 1257 813 1310 Dei
837 1256 997 1310 exorcisari
1015 1255 1147 1307 Satanam
1164 1269 1239 1306 cum

189 1344 319 1398 oratione
345 1344 498 1399 Ecclesiae
525 1346 690 1414 credimus,
715 1346 876 1401 nonenim
900 1347 1004 1399 frustra
1022 1343 1084 1397 exit
1109 1343 1239 1396 verbum

187 1432 268 1500 Dei,
288 1450 327 1488 ex
343 1451 395 1487 ore
419 1450 495 1502 suo,
520 1445 596 1489 teste
613 1435 711 1504 Esaja.
736 1433 798 1502 LV,
818 1434 886 1499 (tt.)
922 1434 1009 1504 Apud
1026 1450 1074 1486 me
1091 1431 1164 1486 nibil
1181 1431 1240 1484 dif.

186 1521 244 1576 fert
260 1540 314 1594 per
331 1522 455 1577 verbum
474 1525 607 1578 converti
626 1525 756 1579 adultum
772 1535 800 1578 et
817 1523 991 1594 parvulum,
1010 1522 1069 1574 imo
1088 1521 1116 1574 in
1133 1520 1237 1574 adulto

186 1612 253 1682 plus
279 1622 325 1666 est
343 1611 513 1666 rebellionis
532 1624 632 1667 contra
654 1613 797 1680 verbum,
824 1625 890 1685 puta
908 1613 1070 1675 rationem,
1095 1610 1236 1682 sapienti.

187 1717 252 1770 am,
280 1702 506 1774 experientiam,
532 1716 590 1757 etc.
627 1704 766 1774 llaptisnri
783 1721 855 1757 vero
874 1703 939 1771 igne
957 1714 986 1755 et
1003 1700 1109 1772 Spiritu
1127 1711 1233 1754 sancto

186 1790 265 1845 idern
286 1803 350 1857 est,
376 1792 403 1845 id
429 1801 493 1857 est,
518 1791 578 1846 dari
597 1792 733 1863 spiritum
758 1799 893 1846 sanctum
915 1790 1119 1856 credentibuS,
1146 1789 1236 1843 itaut

186 1899 240 1953 per
257 1898 326 1936 eum
349 1881 445 1936 omnia
470 1899 589 1951 peccata
607 1883 850 1952 submergantur,
877 1892 906 1936 et
924 1879 948 1936 si
967 1896 1041 1952 qnae
1059 1888 1234 1945 remanent,

185 1982 240 2044 pro
258 1973 405 2044 absorptis
432 1984 554 2044 propter
570 1973 667 2044 ipsum
690 1974 861 2027 habeantur.
896 1972 976 2040 Lege
994 1969 1123 2039 Philippi
1141 1969 1232 2022 locos

185 2079 361 2117 communes
386 2062 421 2116 de
445 2079 535 2134 aquae
560 2062 798 2133 baptismatibus:
821 2061 954 2116 doannes
980 2071 1088 2113 tantum
1113 2059 1233 2126 signum

185 2151 265 2207 dedit
281 2168 336 2206 suo
354 2152 541 2222 baptismate,
559 2163 588 2207 et
606 2153 677 2221 legis
695 2153 859 2207 doctrinam
877 2150 1074 2221 significabat,
1092 2147 1232 2203 Christus

138 2245 140 2252 ⁴
185 2252 214 2296 et
231 2242 347 2312 signum
365 2251 395 2296 et
412 2258 475 2296 rem
495 2244 559 2310 dat,
578 2260 652 2313 quae
674 2252 720 2296 est
736 2242 825 2311 gratia
843 2241 966 2312 Spiritus
984 2240 1077 2293 sancti
1095 2238 1230 2292 exhibita

183 2351 238 2405 per
253 2333 405 2404 Evangelii
423 2335 602 2388 doctrinam:
630 2334 717 2402 igitur
733 2334 809 2387 sicut
825 2333 964 2403 parvulos
983 2333 1124 2396 credere,
1143 2331 1179 2383 ita
1199 2341 1230 2385 et

184 2422 250 2492 igne
266 2423 405 2493 baptisari
422 2423 558 2477 dicimus.
595 2422 704 2477 Contra
723 2439 776 2476 eos
794 2439 867 2476 vero
884 2422 911 2475 id
924 2431 1048 2492 pugnat,
1067 2421 1147 2491 qnod
1163 2437 1230 2491 par.

181 2513 242 2566 vuli
261 2513 288 2566 in
308 2513 396 2566 lsrael
424 2513 712 2567 circumcidebantur
735 2524 839 2566 octava
857 2513 924 2578 die,
948 2529 1022 2583 quae
1040 2511 1228 2565 circumcisio

183 2613 244 2656 erat
261 2603 377 2671 signum
396 2601 459 2656 lidei
478 2603 506 2656 in
525 2603 676 2657 Christum
686 2604 834 2670 futurum,
852 2620 925 2673 quae
944 2616 1003 2656 erat
1020 2603 1049 2655 in
1065 2603 1229 2656 Abraham.

184 2685 212 2769 Si
230 2710 300 2760 ergo
320 2703 348 2746 et
365 2692 416 2746 hic
433 2692 580 2760 dixerint,
599 2694 735 2762 parvulos
752 2710 813 2746 non
831 2692 1009 2759 credidisse,
1034 2709 1104 2761 ergo
1123 2692 1230 2746 trustra

182 2781 378 2836 circumcisos
397 2798 482 2850 esse,
501 2792 639 2835 occurret
657 2781 698 2836 eis
717 2779 854 2835 Christus
875 2782 982 2835 Matth.
1001 2781 1088 2835 x1x:
1114 2798 1184 2833 cum
1203 2781 1230 2835 ei

182 2872 295 2942 parvuli
313 2870 509 2939 offerrentur,
527 2883 558 2925 ut
577 2883 708 2941 tangeret
721 2888 791 2939 eos,
810 2883 839 2925 et
857 2884 954 2927 oraret
972 2889 1025 2943 pro
1044 2872 1104 2939 eis,
1122 2882 1151 2925 et
1168 2872 1229 2926 dis.

182 2963 272 3034 cipuli
291 2978 342 3017 eos
354 2961 562 3032 prohiberent,
580 2961 667 3016 dixit:
691 2961 792 3016 Sinite
806 2961 960 3033 paralelos
979 2962 1083 3016 venire
1101 2963 1146 3015 ad
1160 2980 1226 3030 rue,

180 3051 296 3108 Iterum
320 3059 367 3106 est
392 3052 475 3107 enim
496 3069 630 3124 requiem
656 3052 822 3107 coelorum.
865 3051 921 3105 llic
950 3052 1103 3106 Christum
1128 3071 1227 3122 neque

179 3142 313 3212 mentiri,
328 3151 425 3216 neque
444 3143 592 3213 figurative
610 3142 691 3213 loqui
709 3160 840 3197 necesse
854 3153 914 3210 est,
940 3160 1009 3196 cum
1027 3144 1062 3197 de
1082 3143 1153 3213 ipsis
1173 3144 1227 3198 ob.

180 3234 244 3288 latis
263 3234 392 3305 parvulis
419 3235 572 3306 loquatur,
600 3242 629 3287 et
654 3250 776 3301 regnum
800 3236 952 3286 coelorum
971 3250 1036 3286 esse
1054 3252 1113 3286 non
1131 3236 1228 3304 possit

179 3323 235 3377 nisi
260 3323 452 3378 credentium.
488 3322 531 3376 lta
555 3322 718 3394 baptismus
746 3334 788 3376 est
805 3323 918 3392 signum
944 3323 1008 3375 fidei
1027 3323 1055 3375 in
1074 3323 1227 3377 Christum

180 3427 350 3486 praesenter
375 3428 560 3483 regnantem,
586 3429 675 3483 quare
699 3413 879 3484 accipientes
905 3413 1002 3484 ipsum
1020 3414 1150 3484 parvuli,
1176 3433 1227 3468 ne.

182 3520 270 3558 cesse
288 3515 334 3558 est
351 3504 461 3558 similes
480 3504 535 3560 illis
555 3503 740 3558 circumcisis
756 3504 869 3558 haberi.
904 3504 932 3556 si
950 3521 1021 3571 ergo
1039 3506 1225 3559 circumcisio

181 3596 265 3649 dabat
282 3594 337 3648 illis
356 3612 477 3663 regnum
496 3593 671 3662 coelorum,
696 3611 750 3647 cur
766 3611 826 3647 non
843 3605 872 3649 et
888 3595 1068 3663 baptismus?
1092 3613 1227 3665 praeser.

180 3686 234 3740 tim
256 3701 325 3739 cum
343 3684 393 3738 ltic
411 3684 530 3739 accedat
548 3681 737 3744 sanctificatio
761 3686 954 3753 perverbum
972 3696 1000 3739 et
1018 3686 1178 3739 orationem
1198 3696 1226 3740 et

181 3774 268 3830 lidem
287 3773 440 3828 Ecclesiae
459 3775 608 3828 offerentis
621 3773 675 3827 hos
688 3773 826 3846 parrulos
845 3774 984 3838 Christo,
1001 3788 1028 3829 et
1047 3777 1175 3842 orantis,
1195 3788 1227 3832 nt

181 3881 284 3919 ananus
303 3881 369 3918 suas
388 3866 429 3918 eis
442 3864 572 3935 imponat
590 3874 619 3918 et
635 3883 689 3935 pro
702 3865 744 3919 eis
758 3876 834 3919 oret.
868 3865 979 3920 Verum
990 3865 1075 3921 latius
1093 3883 1223 3936 aguntus,

183 3953 208 4009 si
224 3971 328 4023 urgere
346 3953 498 4024 coeperint
515 3955 618 4025 palam.
