2574 4724
119 283 184 350 29⁰
598 279 688 352 1⁵23.

120 437 330 510 periculosum
347 440 497 496 oracullum
518 442 635 515 aptavi?
650 443 675 510 ¹)
707 440 787 496 Nem
804 448 835 496 st
846 439 977 512 'ipsemet
993 437 1079 511 plane
1095 439 1168 499 fatev

119 538 184 598 tur,
202 521 275 585 alitil
291 530 322 585 iu
337 531 431 587 sacris
447 532 541 588 literis
558 533 595 588 da
611 532 781 589 monastice
794 530 871 598 dici,
888 529 1050 600 solumque
1060 544 1095 584 se
1103 527 1167 595 ltoc

120 633 182 674 uno
197 618 326 685 solatur,
342 619 423 691 quod
438 637 500 676 non
511 621 646 683 videatur
655 619 820 695 monastice
833 617 1086 675 commessuris
1102 617 1169 674 lite.-

118 706 161 763 ris
176 721 255 763 ease.
289 707 331 772 Et
349 708 545 770 niinilomiuus
561 711 591 779 ²)
607 710 698 781 hujus
722 709 768 766 sui
790 709 860 765 dicti
884 716 1030 780 pupetuc
1054 704 1169 765 oblitas

55 852 58 859 ,
118 797 198 855 aliud
218 797 290 853 nihil
312 799 400 868 iacit,
424 816 514 871 quem
529 799 611 868 quod
626 814 727 855 sacras
744 799 844 854 literas
861 812 917 870 pro
933 797 1104 853 monastice
1120 797 1170 854 cd.

117 885 216 955 ducit,
236 878 337 945 ¹donec
360 889 450 944 edam
472 888 630 945 schriatc
649 889 739 945 iaciat
759 887 941 943 monachum
962 897 1054 943 etex
1067 886 1170 943 Muta

116 977 293 1047 monialem,
319 994 396 1051 quae
411 989 509 1036 tamen
526 980 660 1037 coniunx
674 979 729 1034 tuit
745 979 849 1033 saltem
863 978 1060 1050 desponsata,
1085 976 1169 1050 quod

117 1065 307 1138 sacnlegium
321 1080 369 1124 est
383 1069 559 1124 monialibus
576 1066 733 1125 Oonatoria
742 1067 832 1123 'tanti

182 1155 247 1215 Oro
265 1166 364 1213 sutem
380 1167 428 1225 te,
448 1157 490 1212 mi
506 1157 683 1226 Brismann,
706 1174 744 1212 ue
760 1155 891 1213 vincaris
907 1154 1005 1226 taedio
1020 1164 1067 1212 tot
1082 1168 1169 1215 mom

116 1253 249 1303 strorum
263 1245 385 1302 stolidae
402 1245 592 1315 temeritatis,
610 1263 717 1318 perge,
733 1246 813 1302 sicut
829 1246 975 1318 coepisti,
992 1255 1022 1301 et
1039 1248 1167 1305 ostenda

42 1374 49 1384 -
114 1349 210 1392 caeco
226 1324 274 1391 ia'ti
291 1331 472 1406 indagatori,
489 1336 515 1390 si
528 1351 636 1408 capere
648 1336 759 1409 possit,
777 1336 914 1392 edrmax
924 1336 990 1409 ipsc
1002 1336 1167 1395 Aristotele

114 1439 189 1493 suo,
205 1423 282 1479 aliud
300 1439 369 1480 esse
386 1425 554 1481 communia
568 1434 602 1481 st
618 1426 737 1497 propria
754 1425 865 1481 dicere.
896 1425 952 1481 Vei
964 1424 1168 1499 Porphyrium

48 1506 52 1524 '
114 1513 144 1569 ei
161 1513 190 1567 in
206 1514 381 1569 memoriam
398 1529 526 1580 revoca,
548 1514 599 1585 qui
621 1515 761 1569 accidens
783 1529 943 1569 commune
967 1525 997 1570 ct
1011 1517 1166 1587 proprium

113 1612 175 1661 tam
192 1603 344 1660 diversum
359 1604 438 1659 lacit.
455 1601 481 1666 ³)
514 1602 581 1673 Ego
598 1619 668 1658 saue
685 1606 799 1672 fateor,
824 1620 874 1659 me
890 1603 1007 1660 rictum
1021 1605 1120 1665 taedio
1136 1613 1167 1668 st

113 1709 223 1748 nausea
240 1693 380 1763 legendo,
396 1686 422 1756 ⁴)
440 1693 514 1749 adeo
530 1711 593 1749 non
609 1694 709 1749 solum
725 1694 867 1762 latinitas,
892 1710 947 1750 seu
963 1694 1065 1766 potius
1083 1694 1167 1753 ulad.

113 1775 246 1852 nitas,⁵)
263 1800 368 1838 verum
385 1783 493 1857 etipsa
510 1784 641 1841 hominis
659 1784 816 1839 rudissima
830 1777 856 1846 ⁶)
874 1785 1024 1841 temeritas
1041 1801 1092 1840 ms
1109 1768 1166 1841 [ω’.

114 1874 172 1947 git,
196 1873 250 1946 qui
266 1863 295 1941 ⁷)
312 1873 395 1929 nulio
411 1890 501 1930 versu
520 1891 581 1929 non
604 1874 797 1931 stolidissime
819 1873 878 1930 sibi
899 1866 1165 1947 issicontradioit.

114 1962 232 2018 Tamen
247 1980 284 2018 ne
302 1964 385 2018 solus
401 1962 464 2018 hoc
480 1963 608 2021 taedium
623 1964 769 2032 devores,
792 1979 848 2018 una
865 1974 914 2019 aut
928 1965 1019 2019 altera
1037 1974 1163 2043 partem

112 2053 239 2132 levabo,
264 2070 303 2108 ne
321 2052 441 2122 insignis
459 2053 509 2108 ille
528 2050 660 2109 Conator
675 2052 790 2122 indigne
808 2054 905 2122 serat,
929 2063 975 2109 tot
990 2053 1076 2110 libris
1091 2052 1165 2111 nihil

113 2142 249 2215 posuisse
273 2157 314 2199 ex
336 2158 385 2197 me
408 2142 582 2216 extorqueri
604 2142 826 2217 responsionis:
855 2142 937 2217 cupit
959 2136 1037 2201 torte
1054 2153 1085 2200 ct
1101 2144 1163 2218 ipsc

114 2231 180 2307 lieri
197 2231 243 2287 vir
258 2233 405 2288 famosus.
648 2302 654 2311 ι

180 2321 315 2377 Primum
331 2321 401 2375 illud
418 2320 534 2392 accipio
553 2321 676 2394 capitale
694 2322 786 2376 totius
803 2321 849 2377 sui
865 2320 974 2391 libelli,
1004 2322 1087 2395 quod
1102 2323 1162 2396 glo.

114 2411 222 2479 riatur,
239 2410 423 2465 monasticen
435 2427 496 2465 non
507 2426 575 2465 esse
587 2422 692 2466 contra
706 2413 892 2483 Scripturas,
908 2430 945 2467 ne
954 2414 1020 2482 jota
1033 2413 1163 2486 quidem,

114 2499 182 2554 ideo
208 2499 395 2554 sentiendum
419 2514 487 2554 esse
510 2501 676 2553 secundum
700 2499 772 2555 illud
791 2500 916 2560 Christi:
945 2503 1009 2579 Qui
1031 2519 1099 2559 non
1119 2507 1164 2560 esi

116 2595 232 2645 contra
248 2603 307 2643 nos
316 2629 326 2657 ,
342 2605 406 2660 pro
423 2584 513 2643 nobis
529 2586 597 2644 est
620 2589 701 2643 llaec
717 2590 775 2645 ille.

124 2731 125 2736 ,
181 2679 267 2746 Vide,
279 2694 404 2750 quaeso,
414 2694 501 2751 quam
513 2678 669 2747 diligenter
680 2680 735 2734 iste
745 2680 877 2735 Conator
890 2698 990 2737 meum
999 2674 1162 2752 lneltumn

31 2796 33 2800 ⁷
79 2764 80 2767 ’
114 2769 235 2839 legerit,
253 2768 283 2825 in
300 2785 361 2841 quo
377 2768 438 2824 hoe
454 2764 578 2826 unicum
595 2770 660 2839 egi,
677 2781 710 2825 ut
723 2771 898 2842 probarem,
917 2772 1014 2845 ipsum
1024 2773 1163 2841 monasti·

117 2877 187 2924 cum
205 2859 371 2915 institutum
388 2873 428 2911 ex
447 2867 549 2912 natura
565 2875 618 2914 sua
637 2876 705 2914 esse
729 2861 909 2916 contrarium
936 2864 1029 2920 sacris
1056 2864 1162 2920 literis:

117 2965 193 3025 quae
208 2956 379 3019 argumenta
396 2947 494 3001 omnia
517 2948 562 3002 sic
586 2948 690 3004 solvit:
716 2962 777 3005 non
805 2960 850 3006 est
877 2962 997 3021 eontra,
1023 2971 1097 3026 ergo
1120 2960 1164 3010 est

117 3058 183 3114 pro.
219 3038 285 3093 Hoc
309 3037 353 3091 sic
371 3036 539 3117 ¹intelligere
560 3053 609 3090 me
633 3039 726 3107 cogit:
751 3039 901 3112 Scriptura
919 3053 1019 3096 sancta
1036 3061 1099 3099 non
1113 3060 1163 3101 no.

118 3129 210 3184 minat
225 3128 388 3182 monachos
405 3125 467 3180 suis
484 3125 669 3194 nominibus,
688 3136 718 3181 et
735 3142 771 3182 ne
787 3121 879 3196 una‘i)
897 3129 1016 3202 quidem
1027 3132 1094 3202 jota
1107 3147 1164 3186 me.

118 3216 204 3272 minit
215 3217 304 3286 hujus
316 3213 470 3269 vocabuli:
488 3213 661 3280 minoritae,
674 3215 903 3286 Augustinens„
919 3219 1164 3288 Carrhusienrffi)

78 3380 81 3385 .
118 3318 194 3362 eto:
218 3323 289 3375 ergo
306 3321 367 3359 non
384 3315 452 3359 sunt
469 3315 580 3360 contra.
615 3304 662 3359 Sic
681 3306 715 3373 ¹¹)
733 3321 789 3360 nec
809 3307 915 3374 Arius,
939 3325 995 3363 nec
1014 3310 1163 3382 Pelagius,

120 3415 178 3452 nse
202 3397 280 3451 ullus
303 3394 474 3456 haereticus
497 3404 600 3449 contra
616 3394 797 3466 Scripturas,
824 3398 878 3452 sed
895 3414 999 3455 omnes
1017 3418 1074 3473 pro
1091 3400 1165 3458 Scri·

122 3487 219 3560 pturis
238 3495 316 3542 sunt.

173 3728 195 3776 1)
211 3725 268 3769 vlt.
288 3723 417 3781 applicavi.
466 3726 488 3776 2)
506 3723 564 3769 vit
580 3721 739 3770 Nihilominus
752 3726 840 3775 tamen.
888 3726 1167 3777 dlvit.-0ro....

124 3797 192 3846 larii.
227 3801 249 3853 dl
264 3797 417 3852 Vit.†elus
427 3796 510 3854 inepto
520 3795 591 3842 libro.
627 3799 651 3849 5)
665 3797 723 3842 vit.
739 3798 844 3844 latinitas
853 3799 998 3848 minoritira.
1035 3803 1168 3856 srvitet

124 3871 190 3919 host.
209 3870 359 3919 stultissima.
406 3871 429 3921 7)
452 3869 645 3926 durii-qui.
693 3873 717 3916 ὃ)
736 3870 954 3924 Vit.†dsvotis.
1004 3875 1169 3931 mvltuuo.

125 3947 159 4001 10)
172 3945 230 3992 vtt
243 3941 373 4000 Minorltc,
386 3942 588 4001 Augustiuiaous,
603 3941 780 3991 carthusianus.
827 3949 860 4002 11)
874 3946 933 3994 vit
947 3949 977 3995 ad
990 3947 1054 3998 huuc
1066 3950 1171 4001 nodum.
