2574 4724
515 324 617 408 'isat
1044 329 1107 405 tas

53 491 199 566 luptatis.
223 491 369 567 Denique
380 467 443 550 adn
454 510 541 566 segre
552 495 606 550 tuli
618 493 792 564 admodum,
807 493 890 567 quod
902 493 987 549 editis
999 492 1106 548 libellis

53 584 82 638 in
101 585 216 655 aliquot
226 581 304 639 lo'cis
319 600 377 655 pro
390 584 516 649 >illorum
532 585 624 655 gratia
649 572 808 657 captanda,
831 595 881 639 aut
903 585 1006 638 littore
1030 582 1109 637 miti.

53 676 165 741 gando,
182 689 238 729 nos
254 675 457 729 acerbiuscule
468 676 667 731 momorderis
681 658 944 748 etsperstrinxe'ris.
976 673 1108 749 Quando

55 765 133 817 euim
150 764 303 830 videmus,
325 766 458 843 nondum
481 781 550 820 esse
565 765 618 820 tibi
636 783 652 819 a
668 766 803 819 Domino
821 765 915 818 datam
935 780 1001 818 eam
1023 763 1114 818 forti.

54 854 186 907 tudinem
202 855 250 909 vel
269 865 299 909 et
313 859 338 918 ¹)
357 871 495 924 sensum,
513 864 547 910 ut
563 855 704 909 monstris
723 855 777 909 illis
794 855 906 909 nostris
923 854 1015 908 libere
1031 855 1060 919 2)
1080 865 1111 908 et

55 943 180 998 fidenter
191 960 334 1000 occurras
352 945 530 1012 nobiscum,
547 960 604 999 nec
620 945 639 998 ii
652 942 682 1011 ³)
700 960 822 1012 sumus,
840 944 893 1016 qui
908 961 923 998 a
939 955 969 998 te
987 945 1120 1013 exigero'

56 1035 214 1089 audeamus
232 1028 266 1101 ⁴)
280 1036 328 1103 id,
353 1036 435 1106 quod
457 1036 538 1091 vires
563 1044 594 1089 et
617 1035 740 1089 modum
762 1044 845 1089 tuum
863 1045 992 1107 superat.
1028 1035 1111 1108 Quin
1182 1072 1186 1080 -

56 1124 289 1179 imbecillitatem
307 1134 388 1178 tuam
404 1117 433 1191 ⁵)
457 1134 487 1178 et
503 1140 674 1178 mensuram
695 1124 764 1178 doni
785 1124 844 1178 Dei
860 1117 892 1191 ⁶)
916 1125 945 1179 in
962 1134 992 1178 te
1008 1117 1116 1178 tolera.

58 1215 157 1268 vimus
175 1224 204 1268 et
220 1216 352 1269 venerati
369 1214 522 1269 fuerimus.
540 1207 570 1281 7)
604 1213 683 1269 Nam
708 1214 738 1269 id
762 1214 846 1284 plane
866 1231 926 1268 non
943 1223 1044 1287 potest
1062 1231 1120 1269 ne-v

57 1322 125 1373 gare
143 1316 223 1359 totus
242 1304 344 1372 orbis,
368 1306 450 1375 quod
467 1304 570 1359 literae
586 1298 617 1371 ⁸)
635 1306 741 1360 florent
757 1315 787 1360 et
804 1316 926 1374 regirant
933 1345 943 1375 ,
967 1322 1022 1378 per
1039 1320 1117 1377 quas

58 1395 92 1447 ad
111 1396 258 1449 sinceram
273 1394 439 1448 Bibliorum
461 1395 619 1448 lectionem
642 1394 777 1462 verritur,
804 1395 916 1448 donum
941 1395 1029 1449 etiam
1052 1392 1117 1449 Dei

58 1501 124 1539 esse
142 1485 171 1538 in
188 1494 218 1539 te
236 1484 424 1553 magnilicum
442 1494 472 1538 et
489 1484 655 1553 egregium,
674 1484 789 1556 dequo
807 1486 913 1554 gratias
926 1501 1013 1554 agere
1024 1501 1117 1555 opor.

58 1575 123 1628 tuit.
157 1574 288 1629 Proinde
313 1589 369 1643 ego
395 1574 516 1644 quidem
541 1589 693 1648 nunquam
720 1574 836 1645 optavi,
865 1585 898 1628 ut
922 1569 1039 1629 deserta
1065 1582 1117 1628 aut
1147 1643 1152 1648 ἡ

58 1666 192 1734 neglecta
210 1680 348 1719 incasura
366 1674 416 1718 tua
432 1664 543 1718 nostris
562 1664 669 1717 castris
686 1663 877 1732 misceretis,
904 1666 952 1718 cui
976 1663 1124 1732 negotio,

58 1756 114 1809 etsi
140 1741 256 1823 ingenio
283 1764 314 1807 et
339 1753 509 1823 eloquentia
536 1752 663 1806 multum
691 1753 839 1823 prodesse
864 1768 999 1824 posses,¹
1016 1755 1132 1807 tamen·

60 1861 130 1897 cum
148 1830 209 1897 non
226 1842 298 1897 assit
315 1841 448 1909 ammos,
473 1841 565 1896 tutius
590 1849 652 1895 erat
674 1840 702 1894 in
721 1852 774 1895 tuo
791 1842 871 1896 dono
889 1843 1015 1896 servire.
1048 1841 1117 1896 Hoc

60 1934 159 1986 solum
175 1931 351 1997 timebatur,
368 1946 406 1983 ne
424 1929 542 2001 quando
560 1945 615 2002 per
628 1929 816 1983 adversarios
829 1930 1022 1984 adducereris
1034 1919 1125 2005 editis·
1164 1922 1167 1926 ⁴

60 2021 167 2074 lrbellis
190 2020 219 2072 ia
243 2019 378 2088 dogmata
401 2029 502 2072 nostra
526 2018 670 2088 grassari,
695 2028 811 2073 ettam
828 2020 996 2074 necessitas
1012 2034 1071 2074 nos
1087 2009 1125 2086 9)·

61 2122 196 2179 urgeret,
214 2107 251 2175 1ο)
276 2108 327 2162 tibi
351 2108 380 2162 in
402 2107 511 2162 faciem
530 2107 683 2163 resistere.
702 2106 750 2173 ¹¹)⁴
772 2108 1023 2180 compescuimus
1047 2113 1120 2164 sarie
1151 2115 1153 2119 ’
1189 2088 1203 2139 χ

62 2202 189 2271 aliquot,
209 2198 248 2266 ¹2)
272 2197 325 2269 qui
341 2197 403 2267 jam
427 2198 535 2269 paratis
560 2196 644 2251 libris
667 2207 697 2251 te
716 2197 748 2251 in
764 2213 883 2252 arenam
901 2197 1020 2252 trahere
1036 2185 1121 2253 vole,

30 2331 33 2339 .
61 2291 150 2360 bant,
169 2300 259 2361 atque
276 2307 314 2344 ea
328 2287 403 2343 ratio
421 2286 492 2357 fuit,
509 2296 543 2341 ut
560 2296 590 2345 et
606 2287 727 2341 Hutteni
739 2286 1018 2359 Expostulationem
1036 2297 1121 2361 opta.

63 2383 118 2435 rim
139 2397 200 2435 non
224 2381 347 2446 editam,
372 2377 467 2433 multo
491 2376 587 2431 minus
612 2386 693 2431 tuam
710 2377 885 2448 Spongiam,
910 2378 939 2432 in
963 2395 1038 2451 qua,
1062 2380 1121 2436 nis'i

64 2467 220 2539 fallor,‘¹³)
234 2479 267 2524 tu
281 2470 345 2540 ipse
359 2468 421 2538 jam
434 2466 553 2533 sentis,
564 2481 654 2537 quam
672 2466 758 2520 facile
776 2467 813 2520 sit
830 2467 866 2521 de
883 2468 1027 2523 modestia
1045 2469 1121 2524 scri.

61 2561 152 2627 berc,
178 2569 205 2612 et
229 2557 258 2611 in
281 2556 420 2612 Luthero
444 2554 662 2626 immodestiam
687 2555 882 2624 redarguere,
904 2548 947 2622 1Ιὶ)
970 2558 1024 2612 sed
1048 2557 1121 2626 diffi-

65 2651 205 2703 cillimum
225 2649 286 2701 imo
304 2646 485 2718 impossibile
503 2653 650 2716 praestare
667 2644 724 2698 nisi
742 2646 822 2699 dono
835 2646 956 2718 spiritus
969 2649 1120 2719 singulari.

65 2740 175 2794 Credas
194 2738 281 2806 igitur
299 2737 345 2790 vel
368 2753 429 2789 non
452 2734 556 2788 credas
564 2755 578 2801 ,·
598 2733 685 2790 testis
709 2747 755 2788 est
779 2734 934 2804 Christus,
958 2751 997 2791 ex
1021 2739 1120 2794 animo

65 2831 116 2884 tibi
136 2821 297 2883 condolere
316 2841 382 2892 me,
398 2815 439 2891 ²⁵)
466 2833 509 2878 tot
526 2835 555 2877 et
573 2833 724 2877 tantorum
742 2824 809 2878 odia
826 2825 874 2879 vel
891 2825 987 2880 studia
1004 2843 1072 2882 esse
1089 2828 1121 2882 in

65 2932 92 2974 tc
111 2907 234 2984 irritata,
253 2914 360 2987 quibus
378 2923 410 2967 ut
428 2929 488 2966 non
506 2911 655 2966 movearis
673 2913 768 2983 (quod
786 2923 835 2967 tua
853 2924 900 2969 est
915 2912 1044 2969 humana
1061 2917 1121 2970 vir.

66 3022 112 3064 tus
130 3009 217 3062 tantis
234 3005 364 3060 molibus
382 3003 491 3074 impar)
509 3002 632 3056 credere
650 3019 711 3055 non
728 3018 862 3073 possum.
897 3003 1078 3079 Quanquam
1090 3015 1122 3060 et

68 3099 135 3151 illos
154 3100 229 3151 forte
246 3101 365 3151 moveat
378 3092 480 3162 justus
499 3092 599 3158 zelus,
617 3100 646 3144 et
662 3083 698 3152 16)
715 3091 771 3145 sibi
789 3085 977 3160 videntur17)
996 3093 1122 3164 indignis

67 3187 166 3239 modis
191 3203 206 3237 a
230 3196 259 3238 te
282 3181 451 3254 provocari.
485 3177 526 3232 Et
550 3179 598 3245 (ut
616 3177 709 3231 libere
726 3179 835 3247 fatear)
857 3197 927 3235 cum
948 3183 1021 3239 tales
1045 3184 1124 3252 sint,

69 3276 119 3345 qai
137 3287 217 3329 tuam
234 3273 423 3328 acerbitatem
441 3280 470 3323 et
487 3268 705 3323 simulationem
723 3274 826 3340 (quam
844 3279 876 3324 tu
894 3272 1078 3341 prudentiam
1093 3285 1125 3330 et

69 3365 246 3418 modestiam
263 3364 337 3417 velis
354 3356 395 3428 13)
415 3357 549 3428 intelligi)
575 3357 637 3429 pro'
654 3374 705 3410 sua
725 3376 845 3430 quoque
863 3361 1026 3418 infirmitate
1044 3365 1126 3421 ferre

70 3467 231 3526 nequeant,
248 3453 359 3507 habent
377 3462 459 3506 certe
477 3450 516 3504 ob
534 3449 616 3520 quod
633 3451 739 3504 merito
756 3450 959 3521 indignentur,
980 3453 1054 3510 nihil
1067 3455 1125 3535 bag

119 3714 140 3765 l)
154 3711 184 3756 Et
196 3711 253 3762 {salt
266 3709 307 3760 itt
320 3711 348 3755 Aa
380 3707 445 3758 lla.
461 3705 545 3753 libeas.
579 3708 602 3759 3)
616 3708 645 3752 Α.
659 3719 705 3754 aas
718 3719 776 3753 nori.
808 3710 1009 3762 desudemus.
1041 3713 1118 3766 dlssr.

71 3787 133 3843 Opp.
152 3798 235 3831 meam.
286 3786 308 3833 6)
327 3784 357 3826 Α.
375 3780 417 3826 tui.
453 3781 490 3830 ’7)
510 3783 539 3826 Α.
557 3790 646 3826 snmus.
668 3780 751 3826 Ero.
770 3781 865 3828 luimus.
912 3787 936 3838 8)
954 3786 1013 3840 A.†
1032 3791 1120 3844 perte.

71 3863 92 3912 9)
107 3859 145 3903 Er.
161 3858 189 3903 0.
204 3868 249 3901 rios
263 3866 355 3900 rrecess.
395 3856 427 3904 to)
442 3855 470 3897 Α.
484 3855 512 3897 nt
525 3864 575 3898 cun
591 3863 643 3898 nec.
657 3864 708 3908 mg.
744 3857 777 3905 11)
792 3857 820 3899 Α.
835 3853 997 3904 resisteretur.
1035 3861 1068 3912 12)
1081 3860 1120 3907 Er.
1188 3901 1194 3912 ,

72 3931 216 3988 &aliquas
267 3931 300 3978 13)
317 3931 344 3971 Α.
359 3925 384 3970 nl
398 3927 414 3970 t.
464 3924 751 3981 stlattaoarauere.
802 3924 1119 3982 intercursant.

72 4005 157 4061 lllssf·
173 4003 199 4050 0.
215 4008 248 4048 ut.
300 4002 333 4055 17)
347 4002 376 4047 Α.
389 3998 428 4044 Er.
443 3995 471 4046 0.
485 3995 621 4045 rideantur.
671 3997 847 4052 tilmrcllcs.
910 4026 912 4032 ·
987 4005 991 4015 ⁴
