2574 4724
194 288 234 402 st
283 392 285 397 .
674 334 763 400 asar.

193 491 420 568 postulavit,·nt
436 492 617 568 explicarem
634 495 815 564 evangelium
833 491 928 560 idern,
950 502 985 548 nt
998 484 1142 558 haberet,
1164 486 1245 565 quod

193 586 312 654 grisaeis
330 585 376 654 (t)
393 587 457 640 istis
474 585 642 647 Pltarisaeis
660 592 689 639 et
703 584 868 656 hypocritis
887 583 1096 659 responderet,
1123 584 1173 653 qui
1196 594 1245 636 tren¹

191 675 235 729 lut
252 676 438 748 praeventuri
455 692 554 729 meum
571 676 608 729 de
625 674 814 729 confessione
832 671 980 735 libellum,
1003 670 1066 726 lton
1089 672 1245 741 evangelio

192 765 320 819 anianum
337 766 482 837 Principis
500 781 715 837 praeoccupare
739 772 767 818 et
790 774 921 818 avertere
944 760 1122 817 moliantur:
1147 765 1247 819 audie.

144 920 153 927 ,
192 865 262 910 tunt
279 854 373 921 enitn,
390 855 448 910 snb
465 856 570 908 incude
588 870 656 909 esse
674 868 842 908 sermonem
861 853 897 906 de
915 852 1112 907 consessiones

258 944 362 1015 Itaque
388 960 455 998 eunt
475 942 504 1008 ⁸)
528 944 570 998 ud³
586 953 614 997 tc
638 943 814 996 mittendum
839 942 965 1007 curavi,
980 940 1038 994 lton
1059 940 1184 1007 rstiom,
1210 950 1246 994 ut

199 1050 319 1087 curares
342 1034 432 1088 aliena
450 1044 478 1087 et
494 1033 570 1087 bona
588 1049 677 1087 manu
693 1032 819 1086 describi
837 1031 1004 1099 diligenter,
1024 1046 1094 1084 cnm
1111 1042 1140 1086 et
1158 1031 1245 1102 capia

193 1133 223 1178 et
239 1123 301 1177 otio
318 1122 491 1193 hujusmodi
508 1138 613 1176 manns
632 1120 782 1190 abundes,
805 1132 833 1176 et
849 1136 913 1176 mea
931 1135 1035 1174 ananus
1053 1121 1175 1175 celanda
1198 1122 1246 1174 sit.

191 1213 296 1287 ltaque
313 1214 383 1269 milti
401 1231 497 1269 meant
514 1214 783 1279 maaumrernittc,
810 1229 879 1267 cum
904 1211 979 1266 aliud
1004 1212 1157 1282 exemplar
1181 1229 1245 1267 aon

191 1300 337 1373 babeam,
362 1315 392 1359 et
415 1304 486 1361 nulli
514 1304 596 1359 alteri
611 1304 693 1360 tradi
719 1303 848 1376 potuerit
872 1302 908 1357 ad
934 1301 1182 1370 describendum,
1206 1320 1246 1358 ac

190 1395 336 1466 proderet
353 1411 417 1462 ego.
1243 1406 1246 1417 ’

258 1485 297 1540 Et
322 1501 490 1556 quanquam
508 1501 575 1538 enan
593 1483 695 1538 locata
711 1483 740 1539 in
758 1482 856 1537 libello
874 1482 910 1536 de
927 1483 1116 1538 confessione
1136 1492 1243 1538 tracta.

191 1572 267 1640 rim,
290 1584 389 1628 tamen
414 1573 452 1628 ita
470 1573 717 1637 contemnebant,
742 1582 774 1626 ut
791 1571 937 1642 superflua
955 1571 1104 1625 videretur
1120 1571 1243 1639 diligens

193 1662 366 1717 confutatio.
399 1655 472 1717 Non
499 1663 576 1716 enim
602 1661 760 1715 credebam
785 1661 861 1714 ullos
887 1671 945 1714 tarn
969 1676 1103 1728 crassos,
1127 1661 1244 1730 qui-ex

191 1748 255 1805 boc
277 1750 346 1805 loco
363 1750 581 1806 confessionem
599 1751 677 1804 serio
695 1749 873 1805 adstructutri
899 1757 1007 1804 essent.
1041 1748 1171 1805 Proinde
1192 1749 1244 1803 laic

193 1849 222 1893 et
248 1839 400 1907 diligenter
424 1850 452 1893 et
477 1840 599 1908 copiose
626 1839 725 1899 locum
750 1837 887 1903 tractavi,
913 1849 942 1889 et
967 1837 1109 1892 insaniam
1136 1854 1243 1892 eormn

191 1921 360 1984 confutavi*
384 1927 474 2002 Quod
493 1927 516 1982 si
535 1927 743 1982 excudendum
759 1938 790 1980 tu
802 1927 958 1996 judicaris,
975 1942 1139 1999 praepones
1150 1927 1244 1994 hanc,

192 2035 281 2090 quant
307 2018 397 2088 adjeci
421 2014 632 2091 praelationem
655 2018 841 2088 inscriptam,
871 2019 893 2071 si
919 2016 965 2081 cni
990 2017 1096 2082 voles,
1119 2019 1242 2073 nomiae

191 2123 280 2175 tneo,
306 2109 353 2162 vel
380 2108 534 2176 llugbaldo
559 2101 710 2174 Eiusidel,
738 2106 784 2160 vel
808 2107 855 2161 cui
881 2107 1057 2173 visumsit,
1084 2108 1176 2162 modo
1203 2125 1241 2164 ae

190 2197 331 2270 Principi.
365 2198 454 2254 Vides
473 2214 601 2254 causam.
1071 2260 1074 2267 ⁴

258 2285 323 2356 Ego
342 2288 420 2341 enim
437 2274 503 2339 eunt
522 2286 628 2340 excudi
645 2297 759 2358 paterer
776 2285 835 2338 boc
852 2285 1038 2359 potissirdunt
1052 2283 1192 2351 notnlae',
1207 2296 1242 2339 ut

193 2377 323 2432 sennoni
348 2377 383 2428 de
409 2378 598 2431 confessione
623 2377 846 2446 sudiagaretar,
873 2386 934 2430 turn
959 2377 1040 2445 quod
1065 2374 1242 2431 christianae

192 2468 235 2520 rei
253 2467 344 2520 ferme
362 2482 507 2522 summam
526 2468 752 2535 complectatur,
771 2476 797 2520 at
816 2466 929 2520 abunde
948 2467 1035 2520 vitata
1053 2466 1168 2535 pietatis
1185 2467 1243 2520 ior.

192 2555 349 2626 met,‹1uo
367 2565 396 2609 et
415 2567 601 2626 praegustant
619 2556 807 2611 Postillarunt
824 2557 982 2612 deliberent
999 2554 1150 2611 Genneni.
1187 2557 1242 2610 Ad.

187 2643 349 2716 jecissem,
375 2645 456 2715 quod
480 2644 634 2715 Phiiippus
653 2646 681 2701 itt
698 2663 835 2702 seratane
853 2644 1010 2703 desiderat:
1035 2645 1088 2700 sed
1112 2642 1245 2702 nottdun't

194 2750 316 2807 possum
335 2734 493 2802 intelligere
511 2735 579 2805 qtrid
598 2736 752 2790 desideret.
777 2735 806 2791 si
823 2748 918 2788 autern
937 2735 1045 2793 excudi
1060 2751 1120 2790 non
1135 2736 1244 2806 placet:

196 2824 406 2894 praefationem
426 2825 453 2878 ia
471 2825 635 2893 spongiam,
653 2836 683 2881 et
699 2825 829 2896 Principi
848 2825 974 2882 iohanni
990 2824 1157 2895 reliquum:
1173 2824 1244 2881 mibi

194 2929 291 2970 tneaut
309 2930 428 2967 tnaaaat
446 2912 609 2968 distribues
630 2910 674 2972 “l

262 3003 347 3076 Quae
365 3004 486 3058 luserint
507 3004 687 3058 Parisienses
711 3004 739 3059 in
761 3019 833 3058 suos
859 3003 1004 3074 sophistas
1022 3018 1091 3058 meo
1107 3005 1245 3068 nomiae,

196 3093 314 3152 audisse
338 3105 367 3151 te
384 3094 484 3151 credo.
519 3095 675 3151 (lottternai
700 3094 799 3164 incipit
823 3093 883 3151 hoc
905 3094 1104 3152 sacerdotium
1128 3095 1199 3151 Boni
1220 3105 1248 3151 ct

195 3181 335 3252 Phegor,
363 3177 550 3240 maledictum
578 3200 593 3235 a
621 3180 756 3238 Domino
786 3200 840 3254 per
866 3200 903 3238 os
931 3183 1024 3240 Pauli.
1068 3182 1247 3239 Benedictus

195 3272 294 3329 Deus.
329 3273 369 3327 Et
385 3273 465 3344 qrtod
483 3272 563 3342 Papa
582 3288 649 3327 curn
670 3271 794 3327 Caesare
811 3272 972 3339 consultat,
999 3272 1131 3329 nondum
1156 3284 1249 3330 matta.

201 3363 274 3419 ruit:
300 3373 457 3434 utrumqne
475 3364 550 3417 ducit
569 3363 676 3428 Deus,
693 3363 779 3422 sicuti
801 3374 967 3433 tuerentur,
992 3372 1023 3418 et
1038 3379 1100 3434 quo
1123 3364 1248 3421 ducendi

198 3461 285 3506 sunt:
300 3452 350 3505 sed
369 3452 483 3508 interim
499 3452 527 3506 id
546 3470 605 3508 non
623 3452 768 3520 cogitant,
785 3453 880 3507 donec
895 3451 1098 3524 compleantur
1115 3451 1248 3525 iniquita.

198 3552 244 3598 tes
264 3548 506 3598 Amorraeorum.
540 3543 604 3611 Ego
622 3543 736 3610 gaudeo
754 3552 782 3596 et
799 3544 885 3597 faveo
904 3542 1023 3597 Caesari
1038 3542 1115 3597 hanc
1133 3543 1249 3599 felicita.

199 3642 280 3699 tem,
301 3633 352 3685 sed
370 3645 488 3703 propter
503 3633 674 3701 mysterium
693 3632 762 3686 Dei.
795 3633 886 3699 Vale,
910 3642 939 3687 et
955 3646 1005 3686 ota
1023 3647 1078 3705 pro
1096 3647 1158 3690 tue.
1190 3633 1250 3693 Die

201 3721 369 3794 Lamperti,
386 3738 464 3778 atauo
483 3721 637 3779 leXXl.

748 3747 893 3844 Martinus
911 3785 1078 3856 Luthcrns,
1095 3770 1233 3862 aragasc'

253 3950 277 3999 ⁸)
294 3947 400 3997 ditatio
413 3947 453 3994 aad
465 3948 623 4001 ornantibus
635 3955 680 3994 nan
694 3950 736 3994 tra
750 3950 773 3995 td
785 3947 939 4007 dntt'lptara.

251 4022 289 4072 “i
303 4023 336 4073 ίῦ.
350 4022 372 4078 t,
386 4021 548 4074 attentarint
562 4021 637 4070 aretae
648 4018 792 4082 continuit
805 4022 889 4072 niatu
906 4021 1007 4075 laura
