2574 4724
537 321 627 406 1522ss
656 377 659 383 -
1047 338 1106 409 tot

59 479 156 566 neque
169 494 316 565 justitiam
334 495 463 563 curavit,
482 513 549 550 cum
567 507 664 553 tamen
678 497 750 551 adeo
767 496 804 552 ait
819 513 979 568 praesens,
996 507 1029 572 ut
1041 497 1105 567 jam

59 601 118 638 uon
135 584 228 638 modo
245 585 406 655 inceperit,
425 586 477 638 sed
496 595 525 640 et
543 586 640 656 ipsum
653 595 739 657 eaput
751 587 850 640 mundi
863 587 926 656 jam
939 587 1106 656 judicatum

60 675 106 728 ait.
140 673 232 742 Cujus
256 672 361 743 judicii
388 685 502 728 terrore
528 675 648 745 spiritus
672 676 876 743 manifestato,
903 677 1044 729 mundum
1070 675 1106 730 ad

58 762 174 834 peccati
190 762 389 832 cognitionem
407 773 435 817 et
453 763 584 832 justitiae
607 765 784 818 desiderium
808 766 970 818 accendere
993 765 1104 832 voluit,
1154 792 1160 803 ι

56 853 143 922 juxta
161 852 231 906 illud
248 853 338 906 Rom.
359 853 389 907 l:
408 853 583 909 Revelatur
598 853 652 907 ira
670 854 732 908 Dei
748 854 785 908 de
802 854 886 908 coelo
902 855 936 909 in
954 855 1105 927 Evnnqe.

60 942 122 1010 lio,
140 952 198 996 etc.
232 942 314 995 Bene
332 943 396 995 vale
415 952 444 996 et
460 944 552 996 saluta
571 959 675 998 omnes
688 953 819 998 nostros.
852 943 990 998 Eunuchi
1002 962 1106 998 verna.

60 1033 162 1086 culum
178 1042 261 1085 tuum
279 1048 341 1084 uon
357 1031 427 1086 satis
452 1032 541 1100 facit,
571 1032 658 1086 ‹t'rdtci
682 1032 712 1086 iu
728 1032 915 1104 westphalia
938 1033 1037 1087 vocari
1060 1032 1105 1091 titt

58 1121 147 1181 mnf
165 1131 195 1175 et
218 1122 300 1180 tantu
326 1121 364 1175 sit
390 1131 518 1175 castrare
542 1121 662 1193 proprie
687 1122 838 1178 homines:
863 1123 984 1191 nescio,
1011 1140 1046 1177 an
1067 1140 1104 1177 eo
1140 1119 1141 1122 ’

60 1221 187 1266 utemur.
223 1210 416 1266 Gemmarum
439 1212 618 1282 promissum
644 1223 783 1284 expecto.
816 1213 901 1268 Feria
916 1217 943 1267 5.
963 1222 1033 1284 post
1048 1213 1105 1268 Ju-

60 1301 166 1370 bilate,
185 1303 260 1355 anno
278 1301 442 1356 MDXXII.

644 1389 731 1445 Tuus
748 1390 896 1447 Martinus
912 1391 1072 1447 Lutlterus.

91 1776 131 1834 19.
151 1771 244 1838 blut·
430 1784 437 1818 ¹
793 1774 847 1830 N⁰.
865 1775 1070 1831 ccexctttt.

175 1945 223 2014 llo
245 1947 328 2020 itit.
350 1945 594 2028 paulutum
618 1949 764 2030 victitat
785 1949 816 2016 tu
838 1945 984 2029 ganiana.

107 2120 131 2168 ε.
144 2119 209 2168 talita
230 2117 272 2168 tui
286 2118 335 2164 rtnt
349 2117 582 2169 enuntiaretur
595 2126 648 2166 aon
661 2120 738 2170 uetat
751 2119 776 2165 tn
789 2116 892 2173 antean
906 2121 957 2166 otu
969 2125 1015 2167 tan
1028 2114 1102 2179 pau&

59 2199 130 2239 naun
144 2192 207 2244 (τιθῇ
219 2190 371 2243 mirationis
389 2193 434 2238 unt
447 2191 508 2240 uidit
520 2202 550 2238 an
563 2193 604 2239 tut
617 2191 751 2245 nutritam
764 2191 958 2247 tremutantia.

195 2449 245 2500 Μ
257 2448 422 2494 Auriiabet·
434 2447 462 2494 ll.
477 2450 509 2496 65.
523 2459 544 2494 a.
570 2449 668 2501 iltutt'tlt
682 2449 722 2502 len
735 2448 829 2500 torto
842 2450 905 2496 xxt.
918 2451 964 2500 aaa

60 2602 206 2698 Gratiam
224 2658 252 2699 et
270 2664 381 2716 pacem.
416 2644 597 2700 Venerabilis
615 2647 686 2699 mihi
705 2648 733 2700 in
751 2648 884 2701 Domino
902 2648 1045 2715 Nimiae,
1070 2659 1102 2704 ut

61 2735 166 2807 paucis
193 2736 267 2788 inter
292 2737 503 2807 occupationes
529 2738 634 2790 multas
659 2738 788 2790 scribam
812 2739 847 2791 de
865 2739 919 2792 ista
938 2758 986 2805 re,
1014 2757 1102 2809 quam

59 2828 157 2897 petis,
184 2826 263 2877 nullo
290 2827 377 2879 modo
394 2827 466 2879 milti
494 2827 662 2880 consultum
680 2828 813 2894 videtur,
838 2839 870 2882 ut
889 2828 1019 2898 Principi
1037 2830 1101 2882 ittu.

59 2915 210 2969 strissimo
229 2916 263 2968 de
281 2915 336 2967 hac
355 2933 385 2967 rc
404 2916 560 2969 scribatur.
596 2916 720 2983 Certus,
744 2918 824 2986 quod
840 2935 900 2970 uon
918 2918 1099 2987 acceptabit,

58 3007 110 3059 sed
130 3023 144 3058 a
163 3022 196 3059 se
214 3007 248 3058 ad
266 3023 320 3059 vos
340 3007 436 3059 denuo
455 3006 646 3075 retorquebit.
682 3005 763 3059 Novi
787 3007 916 3060 hominis
936 3008 1099 3075 ingenium,

59 3098 108 3165 qui
128 3098 205 3149 ferre
223 3109 342 3167 potest,
361 3107 392 3149 ut
411 3097 445 3148 ab
459 3096 520 3149 aliis
535 3095 618 3162 fiant,
637 3112 831 3166 quaecunque
845 3097 932 3164 fiunt,
950 3098 1002 3149 scil
1020 3114 1101 3150 man.

59 3188 126 3238 dare
145 3198 191 3239 aut
205 3187 363 3240 consulere
375 3186 457 3239 nolit.
493 3185 534 3238 Ita
546 3185 650 3252 vobiS,
670 3186 697 3238 id
712 3186 775 3253 est,
794 3186 910 3239 Senatui
929 3199 956 3239 et
975 3186 1026 3239 tibi
1045 3188 1101 3240 ista

58 3292 106 3328 res
130 3276 304 3345 perficienda
323 3288 386 3342 est,
408 3287 440 3329 et
457 3277 516 3328 hoc
535 3276 666 3342 Senatui,
690 3293 821 3346 quaeso,
846 3293 913 3329 meo
932 3278 1049 3329 nomine
1068 3288 1098 3332 et

57 3378 162 3433 rogatu
179 3368 365 3435 persuadeas.
401 3365 427 3417 Si
458 3376 554 3418 autem
579 3377 607 3418 et
632 3366 753 3419 Senatus
771 3366 852 3419 nolet
870 3381 937 3419 sese
957 3367 1100 3423 intromit.

56 3468 140 3522 tere,
159 3456 199 3508 tui
218 3457 311 3508 solius
331 3465 376 3508 est
394 3472 432 3508 ex
451 3454 547 3507 officio
566 3467 634 3521 tuo,
664 3468 694 3509 ut
713 3467 920 3509 testamentum
938 3456 984 3509 vel
1002 3467 1098 3511 rouun

54 3546 103 3599 vel
123 3558 263 3615 quantum
281 3557 380 3615 potest
400 3544 478 3611 fieri,
504 3544 638 3613 inhujus
657 3557 856 3615 paupertatem
874 3548 1049 3602 transferas:
1068 3557 1100 3600 ut

55 3635 134 3689 enirn
152 3634 212 3686 hoc
232 3634 321 3686 sacius
340 3645 367 3686 et
386 3635 507 3697 undena,
528 3635 579 3700 jus
598 3644 626 3687 et
646 3635 831 3687 autoritatem
849 3635 900 3686 tibi
919 3635 1020 3687 tribuit
1038 3646 1100 3688 tum

52 3724 220 3778 necessitas
239 3736 300 3776 tum
319 3724 457 3777 charitas,
491 3723 598 3793 Neque
626 3726 704 3777 enirn
720 3724 809 3778 valuit
826 3741 882 3777 nee
900 3726 991 3792 vaiet,
1018 3727 1100 3794 quod

53 3814 103 3865 ille
123 3829 176 3881 pro
195 3812 339 3882 lapidibus
358 3824 481 3865 testatus
495 3823 556 3879 est,
576 3829 644 3866 curu
657 3830 795 3882 praesens
810 3813 846 3866 sit
866 3815 972 3880 irater,
990 3814 1039 3883 qui
1058 3831 1098 3870 ex
1135 3804 1137 3809 Α
1220 3817 1224 3828 “

53 3905 109 3956 ista
128 3903 250 3972 pecunia
270 3903 388 3956 alendus
413 3903 458 3956 sit.
494 3902 665 3955 Procedatis
690 3903 776 3970 igitur
799 3921 852 3972 per
868 3904 968 3957 Deum
987 3905 1099 3975 simpli.

55 3993 131 4047 citer
148 4008 182 4045 ac
200 3993 234 4044 de
252 3994 356 4063 plano,
382 3984 410 4046 et
431 3993 520 4048 nolite
545 3994 748 4064 quaestionem
771 3995 890 4060 facere,
915 4003 962 4047 aut
985 3993 1045 4049 lntc
1069 4007 1099 4051 et
