2574 4724
200 274 260 343 198
676 282 766 355 1522,

197 448 261 495 turn
281 457 385 496 eorum
407 443 605 499 testimonium
629 443 716 500 nobis
737 461 797 500 non
821 449 969 516 repugnat.
1005 441 1082 517 Quis
1101 441 1180 499 enim
1202 441 1246 498 sic

197 542 315 600 arguet,
333 532 514 588 credendum
530 544 578 589 est
593 541 623 589 et
637 533 861 607 baptisandum,
878 550 949 603 ergo
968 533 1078 604 parvoli
1095 549 1156 587 non
1176 543 1245 587 suat

195 619 367 692 baptisandi.
400 621 474 678 Non
493 625 570 679 enirn
590 638 629 679 ex
648 624 710 679 boc
735 624 804 678 ioco
820 625 903 678 istam
926 623 1167 693 consequentiam
1189 633 1246 675 tra.

194 708 282 779 hant,
302 727 371 765 cum
385 728 446 767 noa
462 713 584 784 probet,
601 714 741 784 parvulos
761 730 821 768 non
839 712 977 778 credere,
993 713 1074 783 quod
1093 711 1146 783 ipsi
1162 729 1246 782 prae.

193 814 380 872 supponunt,
405 813 437 856 et
462 803 576 857 aliunde
601 802 727 873 probare
753 802 876 875 debent,
903 812 991 873 atque
1018 817 1079 855 non
1105 811 1243 872 possunt.

194 888 285 964 Quod
306 909 378 962 ergo
401 903 524 949 nonest
545 903 647 948 contra
670 894 864 963 Scriptorum,
885 908 940 962 pro
961 893 1108 962 Scriptura
1133 900 1193 958 est,
1215 903 1245 945 et

191 979 340 1051 Scriptura
360 1000 414 1052 pro
434 999 481 1038 eo.
513 981 583 1036 darn
603 982 706 1041 eadem
723 981 880 1037 subtilitate
898 982 1151 1036 circumcisionem
1170 982 1246 1033 tale.

191 1068 267 1136 rint,
288 1071 430 1130 dicendot
451 1072 562 1144 parvuli
587 1087 648 1126 non
669 1071 777 1125 habt'nt
797 1071 884 1125 fidem
909 1071 1062 1138 Abrabae,
1089 1088 1160 1139 ergo
1184 1087 1245 1126 non

191 1159 301 1214 debent
324 1160 435 1215 habero
458 1154 637 1231 signaculum
662 1161 794 1230 ejusdem
820 1161 901 1215 iidei:
927 1178 996 1214 cum
1018 1172 1132 1216 certum
1157 1160 1244 1214 nobis

190 1249 243 1318 sit,
260 1249 517 1306 circumcisionem
535 1251 663 1321 aequalis
681 1242 825 1321 baptismo
841 1250 952 1305 virtutis
968 1251 1067 1305 faisse.
1102 1251 1174 1306 Non
1193 1251 1245 1319 igi.

189 1353 241 1392 tur
257 1339 359 1407 rideo,
379 1356 433 1394 cur
446 1356 507 1394 non
522 1341 677 1394 autoritate
692 1356 812 1410 quoque
828 1339 887 1393 Dei
903 1351 933 1393 et
949 1341 1087 1410 exemplo
1104 1335 1165 1395 isto
1178 1357 1245 1410 par.

189 1429 277 1483 vulos
301 1440 436 1500 oporteat
461 1429 611 1498 baptisatis
633 1427 687 1486 nisi
712 1430 792 1500 quod
817 1427 979 1499 baptismus
1000 1428 1075 1482 liber
1098 1439 1159 1496 est,
1182 1448 1243 1485 non

190 1532 331 1585 exactus,
351 1530 384 1573 ut
402 1519 604 1587 circumcisio,
632 1519 753 1589 proinde
771 1534 867 1588 neque
889 1518 917 1571 in
937 1528 1089 1588 tempora,
1112 1530 1242 1585 aetates,

128 1593 134 1602 ’
190 1607 272 1676 loca,
291 1618 321 1663 et
339 1609 391 1662 alin
409 1625 529 1681 quoquc
549 1620 672 1663 externa
691 1608 825 1679 captivari
844 1607 964 1674 debuit,
983 1622 1051 1660 cum
1068 1617 1148 1662 totus
1168 1609 1245 1664 liber

189 1699 227 1752 sit
248 1700 275 1751 in
291 1714 326 1753 se
341 1699 415 1770 ipso.
450 1697 541 1771 Quod
559 1714 631 1767 ergo
651 1711 722 1751 tunc
737 1698 846 1750 dictum
865 1709 911 1751 est
931 1696 979 1749 uni
999 1696 1076 1766 genti
1094 1697 1122 1752 in
1141 1709 1244 1751 octava

188 1789 253 1854 die,
272 1787 334 1842 boc
354 1788 459 1842 dicita'r
475 1804 553 1842 nunc
574 1785 712 1843 omnibus
731 1787 847 1858 populis
869 1788 1002 1842 omnium
1022 1790 1161 1841 aetatum:
1186 1790 1242 1862 qui

188 1877 378 1946 crediderit,
405 1887 463 1932 etc.
644 1881 646 1886 '

254 1991 310 2046 Sed
328 1993 411 2063 plura
432 2007 544 2046 coram.
578 1990 702 2061 Semper
723 1991 876 2062 expectavi
899 1990 1048 2058 Sartonam,
1064 2002 1098 2046 ut
1116 1991 1178 2045 hoc
1197 1993 1240 2045 ul.

188 2097 243 2135 eus
266 2091 415 2150 tangeret,
441 2083 494 2136 sed
510 2081 603 2136 noluit
619 2097 673 2150 per
691 2078 833 2150 Papistas.
868 2079 1009 2135 innubis
1031 2081 1099 2153 ipsis
1118 2092 1147 2136 et
1164 2081 1241 2136 inter

186 2181 310 2226 nostros
336 2171 457 2226 molitur
479 2168 540 2226 hoc
565 2171 770 2240 gravissimum
793 2169 942 2238 schisma,
972 2187 1077 2225 verum
1104 2170 1239 2226 Christus

187 2271 322 2314 conteret
340 2276 407 2314 eum
426 2259 571 2314 velociter
589 2259 645 2313 sub
662 2258 782 2329 pedibas
800 2260 919 2314 nostris.
952 2259 1030 2314 Volo
1049 2260 1133 2313 etiam
1151 2260 1239 2328 scire,

189 2364 221 2404 ut
241 2351 370 2404 tractaris
388 2350 475 2418 illuri,
496 2356 520 2403 1.
542 2347 613 2405 Cor.
632 2349 707 2407 vlt:
738 2348 860 2423 alioqui
869 2349 941 2415 filii
963 2349 1060 2403 vestri
1083 2349 1240 2405 immundi

187 2447 305 2507 essent,
331 2456 416 2493 rauna
433 2446 538 2493 autem
561 2437 667 2493 suncti
686 2442 769 2492 siant.
804 2436 886 2491 Num
905 2438 940 2490 de
958 2437 1029 2492 solis
1050 2439 1172 2505 adultis,
1194 2450 1241 2495 aut

187 2529 223 2582 de
244 2529 393 2582 sanctitate
417 2530 513 2583 carnis
540 2528 657 2597 intelligi
674 2526 768 2582 velis?
803 2524 882 2580 Nam
903 2523 973 2581 hinc
992 2528 1129 2596 parvulos
1149 2528 1240 2582 brisso

184 2616 348 2688 baptisatos
380 2618 438 2671 ritu
469 2627 499 2672 et
527 2627 660 2688 tempore
690 2616 924 2686 Apostolorum,
960 2618 1083 2688 optarim
1115 2621 1240 2673 ostendi.

187 2709 364 2782 Quanquam
384 2707 489 2774 video,
518 2709 587 2779 quid
608 2708 663 2762 dici
685 2708 778 2778 possit
798 2707 834 2761 de
858 2708 910 2762 ista
932 2706 1175 2776 sanctificatione,
1199 2719 1240 2762 ta.

185 2806 253 2853 men
270 2810 351 2852 tuum
367 2798 453 2853 etiam
466 2798 610 2868 judicium
630 2799 728 2853 videre
745 2799 825 2852 volo.
859 2797 920 2852 Cur
937 2799 1014 2852 enim
1032 2799 1067 2852 de
1085 2800 1155 2854 solis
1175 2799 1238 2853 liliis

184 2888 316 2956 diceret,
347 2903 416 2941 cum
441 2887 550 2942 sanctis
579 2887 677 2949 omnia
701 2887 905 2954 sint'sancta,
939 2899 968 2944 et
995 2888 1112 2944 tnundis
1142 2890 1239 2944 otonia

191 2978 320 3033 munda?

197 3077 199 3081 ⁷
252 3092 398 3147 Libellum
424 3092 565 3147 adversus
592 3072 775 3164 Episcopum
799 3091 1007 3162 Moguntinum
1034 3091 1240 3162 proditurum,

186 3168 215 3240 et
239 3184 404 3252 generalem
433 3182 661 3254 increpationem
685 3182 848 3249 facturum,
882 3183 930 3237 ubi
956 3184 1046 3236 insani
1072 3184 1145 3237 erint
1173 3186 1240 3252 alii,

186 3289 282 3329 serua.
316 3273 389 3328 Para
406 3272 477 3328 mihi
492 3271 651 3351 hospitium
661 3312 670 3340 ,
691 3274 757 3343 quia
772 3274 921 3327 translatio
941 3289 989 3326 me
1004 3271 1117 3341 urgebit
1134 3275 1239 3328 advos

185 3352 310 3432 reverti,
336 3374 365 3417 et
390 3380 441 3417 ora
464 3362 646 3427 Dominum,
673 3373 703 3416 ut
731 3360 777 3416 liat
801 3354 867 3415 cum
888 3356 938 3415 stra
959 3362 1119 3418 voluntate.
1156 3365 1238 3433 (ipro

186 3467 282 3506 autem
309 3454 416 3518 latere,
446 3463 587 3525 quantum
614 3449 676 3505 lieri
701 3462 815 3523 potest:
841 3451 954 3504 interim
979 3455 1154 3522 procedam,
1178 3472 1238 3525 quo

185 3541 304 3599 institui.
340 3543 423 3600 Vale.
456 3545 481 3596 8.
499 3539 700 3614 Epiphaniae,
722 3554 799 3595 anno
820 3538 994 3595 Mnxxtt.

775 3677 859 3731 Tuus
878 3676 1025 3736 Martinus
1043 3681 1203 3738 Lutherus.

432 3881 964 3919 ------ι-υ-ικδ-------------------1
