2586 4710
118 293 185 372 ιιι
275 318 280 333 2
600 292 691 391 aare.

117 454 261 513 Domino
278 453 417 527 Georqto
434 450 622 526 Spoletina,
644 465 737 508 servo
755 445 878 505 anisa
902 444 938 501 in
961 443 1048 500 aula
1072 443 1175 509 Saena

284 542 375 611 niae,
390 559 449 598 suo
464 542 501 597 in
516 539 658 598 Domino
666 536 779 610 [κυνὶ
795 533 1002 593 charissimo.
1137 559 1146 574 =

119 690 234 791 Gratia
250 742 279 791 ei
296 751 365 806 pax.
400 735 615 792 Commendavi
640 735 738 791 omnia
756 734 859 792 Lame
882 738 1013 800 nostro,
1037 738 1073 785 ut
1094 734 1176 786 curel

118 829 168 881 10⁰
191 826 373 896 exemplaria
390 821 586 899 Praeceptori
602 823 633 885 *l
655 824 783 880 mittere.
816 821 992 894 Egoaenim
1017 818 1079 874 luc
1100 818 1175 872 hora

117 913 195 970 vado
212 913 379 969 Eislebium
404 926 473 970 cum
491 914 630 987 Philippo
649 923 678 968 et
693 913 742 968 M.
759 911 902 967 Eisleban
919 913 964 977 ¹),
988 909 1064 964 illuc
1080 907 1174 962 vocati

116 1004 153 1059 ab
172 1004 298 1059 Albano
316 1004 432 1058 comite
448 1021 504 1077 pro
528 1003 705 1059 instituenda
721 1001 827 1058 schola
848 1000 1032 1068 christiana,
1044 1025 1047 1029 .
1059 998 1174 1068 quando

115 1106 174 1148 vos
198 1093 243 1148 sic
266 1081 436 1162 torpescitis
461 1102 491 1147 at
511 1092 657 1164 negligitis
681 1104 827 1147 nostram.
864 1089 981 1161 Optare
1010 1086 1123 1157 incipio
1146 1094 1175 1140 et

117 1172 238 1251 ceneri,
260 1189 294 1238 ut
319 1181 703 1254 Nurmbergaa'Philippus
721 1181 847 1237 similem
872 1179 1019 1251 inceptet.
1053 1175 1173 1246 Magis.

115 1270 282 1342 burgenses
298 1271 411 1343 Caspar
428 1273 589 1342 Creueiger
608 1279 821 1340 vocavenml,-
835 1267 883 1326 M.
906 1268 1081 1327 Amoldum
1095 1268 1173 1323 Dan.

114 1363 230 1420 liseeni.
247 1362 291 1431 **)
323 1363 373 1418 Sic
394 1363 592 1436 dispergimur
612 1373 643 1419 et
668 1362 804 1418 dilabitur
826 1360 935 1418 schola
959 1370 1080 1416 nostra.
1111 1359 1172 1429 Ego

114 1454 185 1527 quid
203 1455 320 1509 futurus
338 1469 425 1518 sum,
447 1454 563 1509 neseio.
598 1454 668 1510 Seio
686 1464 785 1516 tamen
802 1462 916 1508 laesae
934 1452 965 1508 in
983 1451 1173 1512 haeresim

115 1543 199 1600 omni
216 1542 310 1615 culpe.
345 1541 462 1598 &ranas
479 1542 572 1598 estin
588 1543 689 1601 medio
705 1543 801 1599 solue.

181 1687 340 1745 Caeterum
356 1690 438 1762 quod
455 1690 491 1745 de
503 1705 574 1745 meo
587 1689 728 1762 conjugio
740 1688 864 1759 scribis,
879 1688 955 1744 nolo
969 1687 1038 1743 hoe
1049 1687 1169 1754 mireris,

115 1772 166 1836 ine
183 1779 388 1848 nondueere,
405 1778 456 1851 qui
465 1777 517 1834 sic
533 1779 666 1835 famosus
683 1795 750 1835 sum
767 1788 890 1836 amator.
927 1777 998 1833 Hoc
1012 1777 1108 1849 magis
1123 1778 1171 1832 mi.

117 1885 201 1938 rum,
227 1869 308 1940 quod
325 1868 375 1941 qui
393 1868 481 1926 toties
498 1868 535 1933 de
553 1867 693 1941 conjugio
710 1868 811 1932 scribo
834 1878 864 1923 et
879 1868 1019 1923 misceor
1043 1868 1169 1935 feminis,

117 1955 200 2030 quod
217 1973 278 2012 non
289 1957 463 2026 jamdudum
482 1957 589 2022 femina
606 1955 702 2014 faetus
719 1973 801 2025 sum,
820 1967 853 2011 ut
866 1949 1004 2023 taceam,
1022 1957 1105 2029 quod
1116 1974 1172 2013 non

117 2043 254 2110 duxerim
270 2045 408 2118 aliquam.
442 2044 621 2124 Quanquam
632 2046 657 2100 ai
667 2046 839 2118 exemplum
848 2062 952 2101 meum
965 2046 1067 2117 petis,
1083 2044 1170 2101 habea

117 2151 193 2190 ecce
210 2133 459 2206 potentissimum.
493 2134 573 2191 Nam
596 2144 659 2191 tres
676 2134 767 2191 simul
789 2143 903 2191 amores
923 2134 1039 2204 habui,
1065 2147 1095 2191 et
1115 2146 1172 2192 nm

118 2224 235 2280 sortiter
246 2221 353 2290 amavi,
370 2230 400 2278 ιιι
412 2223 484 2279 duas
496 2223 661 2291 amiserim,
679 2240 754 2296 quae
766 2224 840 2280 alios
851 2239 985 2296 sponsos
996 2234 1170 2298 accepturae

118 2322 199 2370 sunt.
232 2311 369 2373 Tertiam
381 2311 434 2367 vix
445 2312 565 2368 sinistro
576 2311 701 2368 brachio
718 2324 828 2382 teneo,
845 2321 874 2367 et
890 2313 989 2384 ipsam
1003 2329 1080 2370 mox
1098 2313 1171 2369 lone

117 2403 193 2459 milri
219 2401 462 2475 praeripiendam.
495 2401 546 2457 Tu
570 2384 644 2458 ver'o
665 2403 762 2473 segnis
785 2402 833 2458 ille
859 2412 998 2473 amator,
1023 2422 1063 2460 ne
1088 2405 1170 2459 unius

118 2491 238 2566 quidem
262 2492 351 2546 audes
369 2491 489 2546 maritus
506 2489 578 2548 lieri.
613 2490 790 2566 Quanquam
807 2492 891 2560 vide,
918 2510 957 2548 ne
976 2492 1048 2560 fiat,
1072 2504 1103 2548 ιιι
1120 2512 1173 2563 ego

119 2581 300 2637 alienissimo
326 2584 422 2635 animo
449 2597 464 2636 a
482 2581 620 2652 conjugio
643 2592 823 2636 antevertam
842 2583 1002 2654 aliquando
1020 2601 1079 2639 vos
1095 2600 1172 2656 prae.

120 2670 308 2727 sentissimos
335 2685 485 2740 sponsos,
514 2680 546 2722 ut
573 2671 650 2725 solet
673 2671 760 2727 Deus
785 2673 923 2744 operari,
949 2691 1031 2745 quae
1057 2676 1173 2728 minime

120 2759 261 2830 speraris.
295 2759 361 2813 Hoc
379 2760 467 2828 dico,
490 2770 522 2811 ut
547 2770 630 2813 extre
644 2760 750 2827 jocum
768 2769 797 2815 te
821 2778 960 2830 urgeam,
988 2765 1172 2836 querendis.

121 2849 213 2918 Vale,
230 2848 271 2904 mi
289 2847 442 2921 Spalatine.
476 2848 537 2904 Die
556 2849 711 2906 Paschatis
728 2850 893 2908 MDXXV.

842 2996 998 3054 Martinus
1018 2999 1145 3055 Luther.

175 3498 196 3549 1)
210 3507 262 3542 cnm
276 3529 283 3544 .
297 3529 303 3543 .
318 3530 324 3542 .
337 3495 450 3544 Eisleben
464 3498 521 3552 itali
533 3499 573 3551 lm
586 3499 611 3545 li.
689 3507 692 3521 ²

176 3763 199 3808 *l
213 3757 374 3812 melfiensem.
400 3761 436 3810 el
449 3762 476 3813 lli
488 3763 669 3816 ιιιῐιιιώιιιιιιώ
682 3772 734 3813 nam
747 3763 822 3817 ἳῡιιιᾱ
835 3767 873 3815 lsi
884 3767 1082 3820 &erilimrelienl
1095 3781 1125 3819 aa
1139 3772 1175 3824 lla

126 3833 162 3881 lle
175 3835 244 3883 liele·
268 3835 326 3888 mni.
338 3834 383 3884 Βι.
396 3841 419 3880 ιι.
432 3837 463 3882 ill
476 3836 553 3888 ilarii.
579 3837 623 3884 No.
638 3839 728 3886 licllc.

176 3946 213 3998 ”l
227 3947 284 4000 5891.
297 3949 350 3994 alet
362 3947 407 3994 llo.
420 3919 611 3998 lchllxllvlll.
