2574 4724
202 346 265 417 292
681 343 769 414 1'32'3.

215 488 219 495 ⁸
266 504 395 560 Desinat
412 520 483 575 ergo
501 503 681 576 schatageyr
696 494 912 571 miserabilis1)
935 500 1070 573 gloriari,
1093 494 1157 560 imit
1178 497 1251 560 ‘esse

204 605 308 649 contra
324 581 428 648 Deum
444 594 638 649 monasticen.
673 594 702 648 Si
719 611 779 648 non
796 604 842 648 est
859 601 962 647 contra
979 593 1100 662 Deum,
1122 591 1251 649 fatemur

203 695 233 739 et
249 700 305 739 nos
323 699 391 738 esse
408 701 463 756 pro
480 685 560 740 Deo.
595 684 685 739 Nunc
703 693 800 738 autem
818 699 854 737 eo
873 682 939 754 ipso
956 692 1059 737 contra
1070 681 1175 738 Deum
1192 676 1250 753 est}

202 774 283 846 quod
301 775 365 829 sine
382 775 477 830 verbo
493 775 554 830 Dei
572 784 628 830 est.
660 773 792 830 Proinde
815 790 875 828 non
900 772 998 827 debuit
1019 773 1080 830 hoc
1103 774 1250 845 probare,

201 864 282 936 quod
298 864 372 918 nihil
389 864 420 917 in
436 865 530 919 sacris
548 863 640 918 literis
658 862 694 916 de
708 868 869 918 monastice
881 863 1000 934 proprie
1011 861 1180 931 diceretur,
1198 864 1250 918 sed

201 952 283 1024 quod
306 953 414 1025 aliquid
439 953 475 1008 de
505 969 539 1007 ea
567 951 731 1007 diceretur:
756 951 970 1019 affirmativam,
998 966 1060 1005 nou
1082 952 1251 1020 negativam

199 1041 327 1114 probare
338 1043 368 1109 ²)
387 1041 494 1096 debuit.
524 1040 552 1095 Si
570 1042 648 1095 enim
664 1041 852 1104 monasticen
862 1040 917 1095 tale
929 1040 1001 1112 quid
1016 1055 1085 1094 ease
1098 1040 1250 1112 permitte.

199 1141 283 1200 rent,
310 1132 406 1203 qualia
428 1139 497 1186 snat
519 1147 568 1199 ea,
595 1147 669 1202 quae
691 1129 865 1185 hominibus
889 1129 1030 1184 interiora
1055 1127 1248 1200 diximns‚³)

199 1222 385 1279 tolerabilem
397 1238 465 1277 esse
482 1221 559 1290 dixi,
575 1238 637 1275 non
653 1237 713 1276 uno
731 1221 817 1290 loco,
835 1221 923 1276 etiam
940 1220 969 1275 in
984 1219 1085 1275 libello
1104 1220 1142 1275 de
1159 1223 1247 1280 votis.

165 1304 167 1309 ¹
197 1310 289 1369 Nunc
305 1321 405 1366 autem
422 1327 487 1365 eam
501 1305 532 1379 ⁴)
549 1312 676 1365 interea
693 1321 862 1378 numerant,
888 1327 964 1382 quae
989 1288 1145 1381 superiora
1163 1321 1246 1380 sunt,

196 1412 337 1474 tanquam
354 1403 468 1456 cultum
486 1401 545 1456 Dei
563 1401 757 1471 singularem:
781 1401 844 1455 hoc
861 1400 1036 1470 sacrilegum
1051 1409 1082 1456 et
1099 1400 1248 1456 abomina-

196 1489 256 1547 bile
274 1503 303 1547 et
321 1502 381 1546 tota
398 1492 577 1562 peruersitas
595 1500 657 1557 est,
675 1492 750 1545 sicut
767 1490 881 1545 sbunde
899 1491 970 1546 dixi.

208 1579 210 1585 '
261 1582 293 1635 Si
318 1588 416 1636 ante'm
439 1580 468 1635 id
490 1579 574 1634 verbi
600 1580 674 1634 adeo
699 1579 950 1651 Schstzgeyerum
977 1579 1007 1634 in
1033 1595 1119 1651 spem
1142 1580 1244 1651 erigit,

198 1671 280 1743 qnod
291 1709 293 1714 -
305 1668 441 1724 Christus
467 1669 551 1724 dicite
580 1670 643 1744 Qui
663 1685 728 1723 non
745 1675 793 1723 est
808 1675 923 1723 contra
939 1684 1011 1737 nos,
1033 1684 1098 1740 pro
1113 1666 1203 1725 vobis
1216 1660 1246 1736 ⁵)

198 1769 264 1817 est:
291 1777 345 1816 aar
360 1778 421 1816 non
437 1760 538 1830 aejtcn
556 1777 623 1814 eum
642 1748 865 1830 ittart‘ejusaem
882 1760 1009 1816 canni:
1038 1760 1102 1836 Qua·
1117 1746 1185 1816 aaa
1201 1764 1246 1816 en

197 1867 336 1920 mecum,
363 1858 479 1906 contra
502 1853 643 1904 ineest?
676 1847 814 1904 Christus
832 1859 930 1903 autem
947 1849 1012 1920 ipse
1029 1865 1158 1921 prorsus
1174 1849 1247 1906 nihil

198 1948 289 2015 gessit
305 1959 373 2010 erga
389 1941 509 2009 Deum,
533 1941 612 2012 quod
635 1957 695 1997 nou
713 1940 880 1994 mandasset
897 1936 1003 2007 Pater,
1026 1939 1105 1995 sicut
1117 1932 1146 2008 6)
1162 1940 1246 1997 tucn:

199 2032 290 2087 Sicut
305 2031 495 2085 mundatum
510 2028 597 2101 mini,
605 2029 691 2083 dedit
707 2029 835 2097 Pater,-
850 2028 896 2084 sic
904 2026 1008 2098 socio.
1042 2028 1124 2099 Ergo
1142 2038 1247 2085 conns

200 2139 268 2177 enm
293 2133 353 2190 eat,
378 2124 428 2193 qui
452 2121 516 2176 sine
533 2120 621 2175 Patre
643 2120 799 2173 mandante
822 2118 982 2191 quicquam
1005 2118 1083 2173 lacit.
1117 2118 1199 2175 Nam
1221 2118 1248 2175 ai

200 2212 435 2282 Schatzgeyerua
452 2219 534 2264 recte
558 2209 780 2280 interpretatur:
808 2210 886 2264 Non
907 2214 956 2263 est
977 2215 1093 2263 coms-a
1114 2223 1194 2279 nos«,
1216 2209 1247 2264 id

201 2313 265 2369 est,
282 2318 343 2355 non
360 2308 406 2354 est
423 2298 623 2371 prohibitum,
640 2306 723 2353 recte
739 2314 860 2369 quoque
877 2314 939 2368 ego·
950 2297 1145 2367 interpretor:
1169 2299 1247 2354 Non

201 2398 248 2445 est
271 2404 406 2456 mecum,
431 2388 459 2442 id
482 2399 543 2454 eat,
567 2404 628 2442 non
652 2397 699 2442 est
722 2397 921 2459 praeceptum.
955 2389 996 2441 At
1012 2387 1081 2441 illud
1100 2405 1163 2442 non
1180 2403 1246 2444 ease

200 2494 338 2546 mecum,
366 2477 503 2532 Christus
528 2485 618 2531 vocat
640 2487 743 2531 contra
766 2493 815 2531 me
840 2493 925 2544 esse,
952 2473 1061 2544 idest,
1088 2485 1122 2532 ut
1139 2468 1171 2546 ⁷)
1186 2494 1246 2534 nou

154 2626 157 2638 .
200 2577 393 2641 praeceptum
410 2566 488 2619 idem
506 2565 564 2633 sit,
580 2565 662 2636 quod
678 2565 870 2636 prohibitum.
1049 2562 1053 2567 ’

267 2655 307 2711 Ει
333 2656 381 2710 ille
405 2672 501 2725 sane„
519 2655 555 2709 de
580 2671 641 2725 quo
667 2654 805 2710 Christus
831 2655 916 2712 dicit:
946 2657 1016 2712 Pro
1037 2654 1123 2712 vobis
1139 2650 1167 2726 Β)
1186 2667 1245 2727 est,

201 2763 262 2802 non
282 2762 337 2822 suo
361 2744 499 2810 arbitrio,
526 2745 578 2799 sed
595 2755 722 2799 vocante
740 2744 809 2800 Deo
827 2745 978 2801 daemonia
995 2746 1134 2818 ejecerat.
1152 2740 1179 2816 ⁹)
1213 2749 1245 2803 ld

201 2837 281 2909 quod
301 2835 440 2890 Christus
465 2848 504 2888 ex
525 2834 623 2888 fructu
646 2834 723 2888 illius
748 2835 872 2905 probat,
896 2834 966 2890 dum
989 2835 1071 2905 dicit,
1096 2839 1245 2893 neminem

196 2941 294 2998 posse
310 2924 386 2978 male
403 2923 486 2994 loqui
503 2923 539 2977 de
557 2938 607 2988 se,
634 2923 685 2994 qui
703 2923 732 2977 in
748 2923 867 2978 nomine
886 2926 949 2993 ejus
967 2926 1102 2980 virtutem
1119 2928 1245 2999 aliquem

201 3015 317 3071 iecerit.
351 3014 400 3068 Sic
419 3013 497 3067 enim
514 3022 544 3066 et
559 3012 643 3066 multi
660 3011 707 3066 alii
724 3014 819 3068 sancti
834 3014 925 3067 multa
937 3014 1074 3069 fecerunt
1086 3016 1244 3085 mirabilia,

201 3106 254 3160 sed
270 3104 368 3159 nullus
385 3116 515 3173 unquam
531 3101 689 3173 quicquam
707 3101 770 3156 sine
781 3113 906 3157 vocante
918 3103 1005 3171 Deo,
1022 3104 1070 3158 vel
1083 3105 1182 3175 intus,
1199 3107 1246 3161 vel

198 3195 298 3261 foras,
316 3186 353 3259 ¹⁰)
378 3207 454 3264 quae
477 3200 575 3245 tamen
591 3190 711 3244 vocatio
736 3191 914 3261 probabatur
928 3192 1012 3260 signo
1029 3193 1139 3265 aliquo.
1173 3195 1244 3251 Vide

143 3298 147 3305 ’
200 3300 287 3360 ergo,
305 3298 393 3354 qnam
410 3291 510 3352 aperte
526 3280 657 3334 Conator
672 3279 718 3333 ille
736 3281 898 3351 Scripturas
914 3289 1031 3352 tractet,
1049 3293 1083 3338 ut
1099 3300 1152 3354 ea,
1170 3302 1243 3359 quae

198 3375 236 3428 de
255 3371 420 3444 praeceptis
439 3386 472 3424 ac
490 3370 627 3424 divinitus
651 3381 733 3439 gesta
755 3383 837 3438 sunt,
864 3371 990 3442 applicet
1009 3373 1065 3442 iis,
1090 3390 1169 3447 quae
1191 3375 1242 3432 bu.

198 3477 283 3518 mana
300 3462 461 3516 temeritate
478 3455 540 3513 'sine
557 3459 720 3530 praeceptis
738 3458 798 3513 Dei
817 3460 971 3528 eliguntur.

264 3552 343 3606 Nam
354 3548 391 3614 ¹¹)
409 3561 438 3605 et
456 3549 527 3604 illud
543 3549 624 3619 quod
640 3549 676 3602 de
694 3546 830 3617 ejiciente
843 3549 993 3604 daemonia
1005 3552 1147 3609 Christus
1160 3556 1241 3610 dicit:

198 3641 268 3709 Pro
286 3637 370 3694 vobis
386 3645 447 3712 est,
465 3639 500 3692 ad
512 3653 616 3693 omnes
629 3653 753 3707 prorsus
767 3637 952 3693 Christianos
964 3641 1101 3710 pertinet.
1134 3643 1242 3718 Neque

248 3857 472 3913 tivitmiasclr.
497 3859 520 3908 2)
535 3854 828 3914 Auritiaiidtprobari.
854 3858 878 3906 3)
891 3856 950 3908 vit.
964 3860 1121 3909 ostendimur.
1146 3862 1241 3918 olvit

199 3931 282 3990 ipsam.
331 3935 354 3982 5)
369 3931 462 3978 Auris.
477 3930 648 3977 nos-nobis.
698 3931 1010 3988 ⁶)Vlt.qaemadmodum.
1059 3936 1242 3990 livit-at

197 4004 419 4061 steinsilnobis.
469 4007 491 4060 9)
504 4004 600 4050 Antii.
612 4003 743 4059 deiecerat.
792 4005 982 4060 leiMoria.
1025 4009 1245 4071 ttlvitstnis..
