2586 4710
617 290 707 357 1521.
1134 304 1136 308 '
1159 293 1199 355 dl

153 443 297 501 ιιιιιίιιιιι.
323 444 396 502 linc
413 443 537 514 scribo,
554 462 616 502 non
632 458 665 503 ut
680 446 882 518 compatiaris,
899 447 952 503 sed
967 457 999 503 ut
1015 446 1199 518 congratule.

154 536 204 601 ris,
226 551 326 603 orans,
347 547 382 591 ιιι
400 536 509 607 spiritu
525 536 641 591 fervere
658 532 762 607 diguus
780 537 854 595 lium.
887 538 1024 609 Tempus
1047 551 1094 592 est
1118 538 1197 593 enim

155 626 285 683 tavernas
300 624 438 681 §stantun
457 625 563 681 orandi
585 629 708 682 summis
727 628 852 685 viribust
876 627 949 682 adt-o
970 628 1130 700 praesumit
1153 628 1198 682 ln.

155 728 256 769 uestem
270 716 422 786 quendam
439 717 620 784 tragoediam
636 717 666 771 in
684 716 891 784 Germaniam,
917 730 946 773 et
969 735 1025 787 ogo
1043 731 1197 786 metuens,

155 820 184 865 tte
197 804 348 867 Dominus
367 805 397 857 ei
413 808 572 876 permittat.

203 911 315 966 Adhuc
331 928 405 966 saun
421 923 552 968 stertens
569 919 599 966 et
622 915 737 968 otiosus
761 914 796 968 atl
821 912 967 968 orandum
991 922 1021 968 et
1043 930 1199 985 opponen.

152 1000 224 1069 dnm,
246 1014 280 1055 ut
302 1001 381 1056 mihi
406 1003 599 1056 vehenmenter
614 1003 783 1075 displiceam
801 1016 829 1058 ct
845 1020 994 1058 onerosus
1011 1006 1082 1059 sim:
1105 1006 1197 1074 forte,

152 1090 219 1160 qnod
236 1090 326 1145 solus
343 1093 420 1156 sim,
437 1102 466 1145 et
483 1106 538 1145 vos
557 1107 603 1144 nte
619 1107 680 1147 non
697 1094 813 1161 lavetis.
848 1093 999 1160 Oramus,
1022 1110 1151 1163 quaeso,
1167 1103 1199 1150 et

98 1174 100 1181 '
151 1180 313 1250 vigilemus,
340 1198 379 1234 ne
408 1182 437 1235 in
463 1182 653 1236 tentationem
678 1182 831 1236 intremus.
866 1181 1055 1237 Nihilaliud
1080 1182 1197 1251 habeo,

150 1272 221 1340 pot
236 1287 322 1326 nunc
340 1271 481 1326 scribam.
513 1270 577 1326 Vos
594 1273 691 1327 omnia
709 1275 841 1326 omniurn
858 1273 963 1328 nostin.
1185 1298 1188 1303 ·

203 1373 337 1431 Gaudeo
363 1374 610 1444 Winetnbergam
637 1378 793 1442 erescere,
817 1376 879 1432 hoc
905 1377 1034 1431 maxime
1063 1377 1200 1443 nomine,

147 1465 221 1536 qunti
237 1480 290 1520 me
308 1466 432 1520 absente
449 1467 576 1533 crescit,
600 1477 632 1521 ut
648 1466 743 1522 videat
761 1468 867 1539 impius
885 1479 916 1521 ct
931 1469 1050 1524 tremat.
1078 1476 1107 1521 et
1124 1468 1201 1522 desi.

147 1555 258 1608 derium
281 1556 349 1625 ejus
376 1566 486 1623 pereat.
523 1554 660 1610 Christus
684 1555 829 1626 perficiat,
855 1556 934 1626 quod
956 1557 1075 1625 incepit.
1109 1555 1201 1613 Valde

144 1645 268 1711 sallent,
294 1656 331 1697 ut
346 1642 504 1713 Philippus
523 1659 550 1698 et
568 1644 655 1712 vulgo
673 1645 901 1699 concionaretur
917 1645 1022 1700 alicubi
1044 1645 1073 1700 in
1091 1645 1202 1716 oppido

145 1734 249 1788 dicbus
274 1734 356 1787 festis
382 1744 449 1804 post
470 1736 622 1803 prandium
641 1735 707 1788 laco
724 1736 977 1804 cotttpotatinttum
995 1747 1024 1787 et
1041 1734 1200 1803 ludorum,

144 1840 173 1877 ut
191 1824 277 1879 fieret
294 1824 481 1878 consur-tudo
500 1823 640 1878 libertatis
657 1822 887 1878 introducendae
905 1833 933 1878 el
950 1825 979 1878 in
1004 1825 1118 1895 priscae
1140 1821 1201 1878 Fa.

145 1915 253 1969 elesiae
271 1914 376 1969 faciem
394 1925 424 1965 et
440 1929 557 1966 morem
576 1913 782 1985 restituendae.

179 2018 240 2081 'Si
265 2024 345 2080 enirn
371 2025 471 2080 omnia
495 2016 649 2079 hominnm
672 2026 742 2095 jura
766 2025 923 2092 fregimus,
952 2033 979 2078 et
999 2025 1071 2094 juga
1096 2036 1203 2080 eornm

145 2117 326 2184 slajecitnus:
350 2116 419 2186 qnid
437 2114 534 2167 adhuc
550 2126 684 2169 moretur
701 2130 774 2180 nos,
789 2115 814 2167 si
832 2124 953 2180 unctus,
971 2128 1055 2166 rasus
1071 2130 1132 2167 non
1150 2113 1204 2181 sit,

145 2223 174 2263 et
191 2209 327 2262 coniunx
345 2207 403 2262 sit?
438 2206 514 2258 Vere
531 2217 625 2259 tarnen
644 2214 735 2258 erest
752 2205 909 2270 sacerdos,
935 2216 963 2257 et
987 2204 1044 2270 agit
1067 2204 1103 2258 de
1126 2204 1204 2258 laeto

145 2296 355 2363 sacerdotem,
380 2292 437 2369 nisi
458 2310 519 2347 non
543 2304 588 2347 est
606 2292 769 2347 sacerdotis
786 2288 914 2346 officium
932 2290 1042 2346 docere
1059 2290 1201 2369 verbum:

146 2386 254 2456 alioqui
274 2400 330 2438 nec
345 2382 484 2436 Christus
502 2382 638 2436 sacerdos
656 2383 729 2449 crit,
749 2398 827 2435 nunc
845 2383 873 2434 in
891 2381 1063 2450 synagogis,
1082 2397 1160 2436 nunc
1172 2380 1203 2438 ἱιι

145 2476 291 2537 uirilius,
314 2490 393 2528 nunc
412 2473 441 2525 in
459 2473 569 2538 littore,
593 2486 672 2524 nunc
697 2471 724 2524 itt
747 2469 897 2523 montibus
922 2470 1049 2524 docens:
1076 2470 1203 2543 denique

145 2567 244 2619 ottrnis
267 2578 392 2636 persona
411 2561 548 2616 omnibus
565 2562 638 2615 locis
656 2570 683 2613 et
700 2560 782 2613 horis
799 2576 876 2614 nnus
897 2559 958 2630 ipse
976 2560 1039 2615 snit.

210 2679 288 2733 Cum
305 2695 377 2746 ergo
396 2685 522 2730 vocatus
540 2675 578 2731 sit
595 2690 610 2729 a
628 2674 716 2741 Deo,
734 2686 856 2745 agatque
869 2672 951 2728 verbi
968 2674 1152 2744 ministrum,
1170 2686 1203 2734 ιιι

145 2787 236 2825 nemo
263 2778 361 2838 potest
384 2781 507 2834 negare:
531 2766 619 2836 quid,
643 2765 667 2818 si
692 2780 707 2815 a
730 2750 859 2835 tyrannis
883 2764 947 2819 istis
965 2764 1124 2836 Episcopis
1141 2784 1203 2825 nott

147 2857 368 2923 Ecclesiarutn‚
386 2856 439 2911 sed
457 2870 601 2926 equorum
619 2866 648 2907 et
665 2865 910 2924 purpuratorum,
935 2867 1057 2908 vocatus
1075 2874 1136 2910 non
1155 2858 1203 2913 sit.

148 2950 204 3001 Srd
221 2948 289 3001 novi
306 2947 439 3000 hominis
456 2959 591 3008 sensum,
609 2959 669 2996 non
686 2941 854 3012 acquiescet
866 2943 1104 3011 persuasionibus
1116 2945 1203 3000 meis.

149 3038 306 3092 Vocandns
331 3052 403 3106 ergo
430 3046 459 3088 et
476 3034 627 3101 urgendus
655 3041 700 3085 est
725 3030 879 3085 Ecclesiae
900 3031 988 3085 totins
1010 3034 1149 3086 mandato
1173 3046 1204 3090 et

149 3131 286 3200 impulsu.
319 3125 431 3196 Neque
448 3123 569 3178 enimsi
587 3124 647 3193 ipsa
664 3121 795 3191 postulet
812 3129 842 3173 et
859 3121 973 3189 exigat,
992 3126 1097 3189 negare
1116 3120 1204 3178 debet

150 3232 193 3271 snt
210 3227 321 3289 potest.

208 3325 237 3378 Si
256 3339 314 3393 ego
329 3333 472 3391 praesens
490 3330 608 3383 essem,
626 3313 747 3368 omnino
765 3312 841 3382 apud
860 3303 1001 3368 senatum'
1012 3323 1040 3367 et
1056 3311 1201 3384 populum

150 3426 283 3481 agerem,
306 3422 340 3464 ιιι
360 3423 428 3460 euru
446 3417 599 3474 rogarent,
623 3420 682 3475 quo
702 3403 835 3472 privatim
853 3405 895 3455 eis
918 3400 1029 3469 legeret
1045 3404 1211 3458 vernacula.

149 3501 357 3569 Evangelintn,
380 3498 457 3551 sicut
480 3494 577 3563 coepit
600 3492 627 3546 in
655 3492 773 3556 Latitta,
796 3501 826 3543 ιιι
850 3490 893 3543 sic
916 3489 1052 3558 paulatim
1071 3490 1153 3544 lieret
1170 3502 1203 3547 et

148 3589 320 3645 vernaculus
338 3584 517 3657 episcopus.
539 3581 691 3652 quomodo
708 3581 798 3632 laetus
818 3589 862 3629 est
882 3576 1014 3631 Latinus:
1040 3589 1069 3632 et
1093 3591 1122 3632 te
1139 3582 1202 3634 vel.

148 3681 202 3734 letu
219 3682 249 3734 itt
267 3678 331 3732 ltoc
350 3674 468 3739 conari,
494 3682 527 3726 ut
546 3671 635 3725 lieret.
671 3669 750 3724 Natat
768 3668 877 3737 populu
896 3682 971 3735 opus
989 3680 1033 3718 cst
1050 3684 1118 3735 prae
1136 3686 1201 3721 orn.

146 3771 229 3827 nibus
247 3766 346 3823 verbo
364 3765 440 3819 Dei:
459 3763 618 3833 quodcum
632 3759 659 3813 in
675 3759 724 3813 illo
737 3757 866 3810 abundet
880 3771 946 3824 pree
958 3758 1100 3823 cantetis,
1118 3759 1201 3813 vides

144 3865 247 3928 etiam,
273 3856 457 3913 conscientia
478 3861 620 3920 urgente,
645 3862 676 3903 et
698 3850 769 3902 Deo
794 3847 947 3911 exigente,
971 3863 1028 3898 tros
1048 3845 1198 3912 dabiturne

143 3967 230 4019 esse,
246 3961 281 4006 nt
299 3960 373 4005 curn
389 3957 550 4007 vaccinus,
567 3951 595 3995 st
612 3936 735 3993 verbum
753 3937 855 3991 lrnctu
868 3949 923 3987 sno
939 3952 999 3989 non
1014 3935 1176 3992 trattdctur.
