2574 4724
550 304 647 376 ‚tna
1058 303 1130 375 aaa
1167 289 1171 299 ’

76 462 222 540 Eqreqio
233 472 262 520 et
272 462 489 522 eruditissimo
501 466 601 536 Viro,
617 465 662 522 D.
676 464 836 540 Gregorio
846 462 973 533 Braek,
989 462 1128 520 Ductori

139 554 181 610 V.
199 556 248 624 J.,
272 556 473 612 CoraceIIarr'o
496 556 599 612 Ducis
623 555 789 611 Saxoniaa
812 554 991 624 Vinariae,
1013 568 1071 610 suo
1092 552 1128 610 t'n

138 645 279 702 Domino
296 646 506 719 suspiciendo.

74 776 187 877 Gratia
205 833 234 878 et
243 819 321 895 pax.
354 825 427 880 Viro
437 864 447 892 ,
466 824 515 896 qui
534 825 696 880 secundam·
713 839 842 880 uxorem
860 823 986 879 consilio
999 822 1128 877 Carlsta.

73 912 112 965 dii
138 913 229 984 petit,
257 915 370 984 optime
387 915 520 969 Domine
538 914 677 978 Ductor,
700 913 746 970 sic
767 914 949 986 respondeat
966 912 1126 983 Princepaa

73 1002 225 1073 Oportere
243 1002 340 1074 ipsum
358 1004 494 1058 maritum
513 1019 565 1058 sua
581 1003 701 1075 propria
717 1003 902 1057 conscientia
922 1017 991 1057 esse
1008 1000 1127 1056 firmum

72 1107 108 1146 ac
126 1101 242 1147 certam
260 1109 315 1164 per
330 1091 456 1147 verbum
467 1093 544 1160 Dei,
562 1091 619 1148 sibi
636 1091 712 1147 haec
729 1092 832 1146 licere.
864 1090 930 1147 Eos
942 1107 1014 1161 ergo
1027 1089 1128 1162 requi.

34 1179 36 1182 ’
72 1190 136 1249 ιιι,
154 1181 205 1252 qui
223 1182 316 1237 verbo
333 1182 392 1237 Dei
411 1198 480 1237 eum
497 1193 594 1238 tutum
611 1182 748 1238 reddant:
774 1182 800 1236 si
818 1182 841 1238 is
859 1174 1056 1248 Carlstadlus,
1079 1180 1128 1235 vel

72 1272 152 1327 alius·
163 1271 268 1340 suerit,
286 1270 358 1326 nihil
370 1273 405 1327 ad
417 1271 599 1345 Principem.
633 1270 745 1345 Neque
762 1271 883 1327 enimsi
900 1269 1011 1343 alioqui
1029 1269 1126 1324 incer.

72 1357 120 1416 tris
139 1370 199 1430 est,
220 1378 275 1434 per
290 1361 440 1435 Principis
457 1377 638 1421 consensum
654 1371 736 1417 tutus
755 1377 823 1418 esse
840 1360 967 1433 poterit,
993 1360 1080 1430 nujus
1097 1358 1127 1414 in

70 1448 129 1505 hac
148 1465 179 1506 re
196 1469 257 1506 non
274 1451 312 1507 sit
330 1451 492 1524 quicquam
509 1453 689 1520 decernere,
706 1462 737 1507 et
747 1449 987 1512 sacerdotutnsit
1003 1465 1128 1522 respon.

71 1541 142 1594 dere
160 1540 285 1594 verbum
302 1540 382 1609 Del,
409 1556 448 1595 ex
466 1541 552 1610 cujus
570 1557 624 1595 ore
640 1521 793 1612 requirent
817 1541 914 1609 legem
929 1539 1071 1606 Domini,
1097 1528 1129 1593 ut

70 1628 236 1686 Zacharias
255 1630 335 1685 dicit.
369 1628 436 1699 Ego
455 1646 525 1684 sane
543 1629 656 1695 fateor,
681 1645 730 1682 me
747 1647 808 1683 non
830 1644 919 1701 posse
944 1626 1125 1700 prohibere,

71 1720 96 1775 si
115 1723 182 1791 quis
200 1720 301 1790 plures
318 1719 391 1774 velit
401 1734 518 1774 uxores
529 1718 658 1786 ducere,
673 1735 730 1772 nec
743 1727 888 1789 repugnat
905 1716 1000 1773 saeris
1018 1716 1127 1773 literis:

70 1826 177 1864 versun
196 1822 293 1864 tamen
310 1810 387 1881 apud
405 1808 588 1864 Christianos
606 1808 634 1863 id
651 1807 780 1879 exempli
797 1807 909 1862 nollem
923 1807 1021 1879 primo
1034 1806 1129 1862 intro.

71 1896 158 1966 duci,
176 1899 254 1970 apud
271 1914 349 1970 quos
366 1898 454 1953 decet
471 1899 611 1953 etiam-ea
628 1897 839 1966 intermittere,
857 1910 933 1968 quae
951 1897 1033 1952 licita
1046 1900 1127 1965 sunl,
1148 1967 1150 1970 y

72 2001 129 2059 pro
149 1985 448 2056 vitandoscandalo,
472 1997 503 2042 et
524 1988 580 2058 pr'o
604 1985 762 2043 honestata
785 1986 883 2051 ritae,
902 2002 992 2060 quam
1016 1985 1128 2060 ubique
1172 2006 1178 2017 ·

71 2075 185 2131 Paulus
201 2074 303 2144 exigit.
336 2075 542 2130 Vehementer
558 2076 637 2130 enim
654 2074 777 2131 dedecet
790 2073 992 2143 Christianos,
1009 2089 1128 2132 summa
1178 2093 1183 2111 ·

72 2176 103 2222 et
119 2165 282 2221 novissima
298 2165 442 2222 libertatis
459 2176 519 2220 tam
535 2165 624 2220 anxie
649 2182 705 2238 pro
728 2165 791 2221 suis
808 2166 976 2221 commodis
1000 2165 1127 2235 sectari,

72 2265 218 2311 ettamen
235 2256 364 2326 vulgaria
382 2257 428 2311 illa
447 2266 476 2312 et
493 2257 663 2312 necessaria
685 2255 838 2312 charitatis
862 2256 1019 2326 negligere.
1052 2256 1127 2312 Ideo

72 2349 102 2402 in
119 2363 257 2403 sermone
275 2363 344 2402 meo
360 2347 441 2403 nolui
459 2347 537 2402 hane
555 2349 714 2403 fenestram
731 2347 861 2421 aperire,
886 2359 915 2401 et
940 2347 993 2403 rix
1016 2347 1127 2417 eredo,

71 2438 116 2492 sic
135 2437 285 2492 desertum
303 2437 401 2492 aDeo
414 2436 632 2506 Christianum,
650 2447 760 2492 utnon
777 2445 867 2509 queat
882 2437 1129 2493 continerecon.

67 2526 126 2595 jux
141 2526 278 2582 divinitus
293 2526 431 2597 impedita
444 2526 497 2593 (l).
511 2526 690 2595 curiositas,
708 2536 822 2595 metuo,
839 2526 870 2580 in
887 2542 977 2592 cauea
987 2527 1036 2582 sit.
1069 2526 1128 2583 Ve.

70 2631 139 2669 rum
158 2615 276 2670 sinitote
301 2615 360 2684 ire,
387 2634 448 2689 quo
463 2616 514 2683 it,
538 2617 616 2671 forte
640 2616 727 2670 etiam
751 2615 847 2670 adhuc
874 2616 1126 2672 circumcidentur

71 2703 289 2772 Orlamrmdae,
309 2715 337 2760 et
353 2706 408 2761 toti
424 2707 555 2761 Mosaici
572 2707 660 2760 futuri
679 2716 758 2761 sunt.
1027 2719 1030 2724 ’

136 2794 248 2864 Scripsi
267 2804 296 2848 et
313 2805 396 2849 antea
413 2794 450 2848 de
467 2795 524 2848 aliu
542 2811 631 2863 casu,
650 2795 680 2859 ’)
702 2794 825 2864 nescio,
839 2812 888 2849 ‚an
912 2794 1012 2852 literas
1031 2797 1126 2851 reddi.

69 2884 161 2951 derit,
179 2884 228 2955 qui
246 2884 370 2954 accepit.
404 2884 561 2939 Caeterum
578 2884 797 2956 praedicatores
813 2901 869 2956 pro
885 2886 1027 2941 Olsnizen
1045 2887 1124 2941 duos

68 2972 176 3028 habe'o.
211 2974 268 3029 Sed
291 2990 387 3042 unus,
414 2991 504 3047 quem
528 2975 658 3029 maxime
684 2976 794 3029 vellem
819 2975 849 3029 in
873 2974 936 3033 hoc
959 2974 1125 3031 ministerio

69 3064 199 3131 servire,
225 3065 403 3118 uxorculam
428 3063 537 3135 habet:
563 3064 692 3136 alioquin
719 3064 858 3119 omnibus
876 3063 996 3120 dotibus
1014 3065 1126 3137 pollet,

70 3170 145 3223 quae
170 3153 379 3223 evangelistam
404 3152 527 3221 decent,
554 3152 717 3221 modestia,
746 3153 929 3222 eruditione,
959 3153 1065 3224 pietate
1095 3163 1126 3208 et

68 3257 188 3296 morum
216 3243 373 3296 honestate
402 3243 490 3298 simul
515 3258 583 3296 cum
610 3243 756 3298 uxorcula
784 3242 916 3314 insignis.
950 3242 1030 3298 Nam
1056 3244 1124 3316 plus

69 3329 187 3385 duobus
205 3335 287 3387 annis
308 3331 455 3402 inculpate
480 3349 515 3386 ac
534 3346 637 3401 magna
661 3349 731 3386 cum
754 3332 839 3387 laude
862 3332 936 3388 vivit
959 3334 1036 3405 apud
1056 3350 1124 3392 nos.

70 3419 101 3473 ls
128 3430 175 3472 est
199 3421 347 3490 parochus
365 3419 532 3475 Cranachio
557 3421 592 3475 nh
616 3420 760 3493 episcopo
784 3421 995 3491 Bambergensi
1019 3423 1125 3495 pulsus

69 3508 108 3564 ob
127 3509 314 3577 conjugium,
341 3511 389 3565 cui
412 3510 574 3566 tolerabilis
599 3511 719 3580 luisset,
744 3511 769 3566 si
792 3521 941 3567 scortator
963 3523 995 3568 et
1012 3514 1127 3569 adulter

68 3617 136 3656 esse
155 3599 317 3668 voluisset,
343 3600 371 3654 id
395 3601 476 3672 quod
493 3599 520 3654 ei
539 3617 720 3656 concessum
738 3618 772 3655 ac
791 3602 971 3674 permissum
988 3612 1059 3658 erat.
1093 3603 1124 3666 Si

68 3691 92 3744 is
112 3689 208 3762 placet
226 3689 273 3743 vel
291 3704 351 3742 non
369 3688 484 3759 placet,
505 3698 555 3751 aut
572 3689 645 3744 ferri
661 3690 710 3744 vel
727 3706 788 3744 non
805 3690 874 3745 lerri
891 3702 1009 3763 potest,
1035 3691 1125 3763 signi.

67 3778 145 3834 ficari
163 3789 242 3849 peto.
277 3777 355 3832 Nam
375 3770 490 3832 eumin
510 3778 622 3833 nostris
648 3778 816 3849 regionibus
838 3780 932 3838 teneri
957 3780 1066 3852 velim,
1092 3789 1126 3844 ut

112 3976 138 4030 0)
159 3973 192 4026 s.
206 3973 226 4019 ι.
241 3978 291 4021 aar.
305 3971 350 4023 tir.
