2574 4724
541 344 632 412 ran.
973 288 977 293 ⁴
1043 338 1104 406 att

58 457 174 557 Gratia
191 512 220 557 et
237 515 304 573 pax.
337 500 425 558 Hunc
441 500 637 570 Macrinum,
660 499 840 557 detectorem
859 496 1106 568 Aitenbttrgensie

56 592 223 658 Sodomae,
239 592 290 647 tibi
308 592 504 660 commendo,
522 592 634 663 optime
651 590 812 661 Spalatine,
830 601 861 644 ut
878 592 902 645 si
920 589 1019 661 possis
1036 602 1106 641 enrn

50 681 158 752 juvare
174 698 229 755 pro
246 682 405 737 obtinenda
422 681 580 755 parochia,
598 679 627 735 in
644 677 834 735 Scironewaid
851 695 945 751 prope
959 675 1105 731 Herzber.

57 788 124 839 gam
140 789 220 826 nnnc
236 782 381 840 vacante,
398 772 487 827 facias
504 772 534 827 in
556 769 697 825 charitate
710 768 838 837 Christi,
856 779 888 823 ut
906 769 1021 839 inopiae
1039 767 1105 837 ejus

56 860 194 917 solatium
206 861 334 917 daretur.
362 861 504 916 Arbitror
519 858 672 915 hominem
689 858 760 914 satis
773 857 910 913 idoneum
929 860 1005 912 fore.
1032 858 1106 911 Pae.

56 960 175 1018 terum,
192 950 285 1021 prima
302 949 377 1004 Julir
394 960 464 1003 aunt
480 950 579 1003 exusti
595 948 655 1001 duo
672 948 777 1001 fratres
795 945 890 1001 nostri
909 947 1105 1013 Augustiana.

57 1056 108 1093 ses
127 1055 143 1093 e
162 1038 286 1110 captivis
303 1037 581 1109 Antverpiensibus,
600 1046 830 1107 constanterque
846 1035 957 1089 mortui
973 1036 1002 1089 in
1020 1034 1106 1088 Pirri.

58 1140 125 1196 sto,
145 1145 273 1199 quorum
290 1142 365 1182 unna
382 1137 506 1184 vocatur
519 1124 654 1182 Joannes
669 1126 770 1181 Nesse
779 1166 788 1194 ,
801 1124 829 1191 ⁴)
847 1125 977 1179 nondum
989 1124 1104 1192 triginta

58 1232 215 1271 annorum.
249 1217 360 1292 Quarta
384 1225 454 1290 post
472 1227 595 1271 exustus
614 1225 660 1270 est
677 1215 781 1271 tertius
800 1215 890 1269 frater
905 1213 1104 1280 Lambettus,

59 1322 219 1361 successor
234 1305 263 1360 in
280 1307 373 1361 verbo
383 1304 492 1361 «iacobi
504 1305 598 1361 nostri
613 1304 788 1377 Praepositi.
801 1302 843 1370 ⁸⁸)
871 1303 959 1359 Facta
971 1316 1016 1358 est
1026 1301 1103 1357 haec

59 1412 109 1450 res
129 1396 295 1451 Brasseilae
312 1396 342 1451 in
367 1396 487 1469 publico
513 1397 589 1451 foro.
624 1393 726 1451 Gratia
751 1393 886 1461 (irristo,
911 1394 962 1464 qni
987 1393 1104 1449 tandem

60 1486 159 1557 coepit
178 1488 305 1541 fructum
322 1486 451 1558 aliquem
471 1485 555 1540 verbi
578 1485 692 1551 nostri,
719 1485 779 1538 imo
806 1485 852 1538 sui
876 1484 1052 1550 ostendere,
1077 1490 1106 1539 et

56 1591 155 1631 novos
173 1586 316 1647 martyres
334 1564 413 1629 forte
430 1573 543 1645 primos
561 1573 590 1628 in
609 1573 663 1628 ista
681 1573 801 1641 regione
823 1589 935 1627 creare.
969 1573 1036 1644 Ipse
1052 1570 1106 1624 da.

55 1666 152 1721 cobus
169 1665 380 1741 abiitvocatus
403 1665 433 1718 in
448 1663 574 1721 Frisiam
599 1680 614 1717 a
637 1663 753 1718 Comite
776 1663 813 1717 de
837 1661 991 1719 Etnbden:
1017 1662 1105 1719 Deua

55 1757 122 1825 det,
140 1766 173 1811 ut
189 1754 349 1811 fructificet
366 1755 397 1810 in
411 1755 504 1809 multa
519 1753 627 1823 millia,
645 1760 754 1809 Amen.

120 1912 165 1969 D.
180 1913 315 1970 Joaonea
330 1913 527 1970 Peldkirohen
544 1915 695 1970 extinctus
713 1925 776 1982 est,
793 1915 899 1972 nescio
918 1931 979 1987 quo
998 1915 1104 1972 mortis

56 2020 184 2074 genere:
199 2014 321 2073 metuo,
336 2020 375 2059 ne
386 2004 533 2076 judicium
552 2005 611 2060 Dei
628 2005 746 2076 incipiat
762 2005 917 2060 Bethaven
935 2006 1019 2060 istam
1036 2002 1107 2060 visi.

56 2102 120 2149 tare
138 2094 209 2148 satis
227 2093 407 2164 pertinacem
423 2094 507 2149 verbi
530 2096 768 2150 oontemtricem.
802 2095 916 2150 Traditi
940 2094 1011 2150 mihi
1036 2107 1105 2151 sunt

55 2183 125 2256 plus
138 2199 229 2255 quarn
245 2182 362 2252 triginta
373 2184 454 2239 anrei
467 2183 598 2256 Principi
611 2184 767 2252 reddendi,
784 2184 977 2240 restitutionis
996 2187 1103 2252 forma,

56 2289 136 2344 quos
149 2272 268 2345 qnidam
285 2272 314 2327 in
324 2274 443 2344 negotio
458 2271 588 2344 Principi
600 2273 783 2329 subtraxerat
793 2313 810 2339 ,,
819 2286 847 2328 et
855 2284 936 2328 'nuno
950 2275 1106 2329 conscien-

57 2363 99 2419 tia
122 2364 200 2419 duce
223 2379 278 2435 per
299 2379 349 2418 me
366 2363 423 2418 sub
440 2364 641 2419 confessionis
659 2364 756 2433 sigillo
774 2364 911 2433 resignat.
946 2364 1105 2423 Hominem

56 2453 179 2518 nescio,
202 2453 255 2508 sed
272 2452 401 2508 officium
417 2469 525 2523 negare
539 2471 601 2507 non
617 2453 710 2525 potui.
743 2453 846 2508 Lucao
869 2455 948 2508 volui
972 2453 1104 2524 tradere,

56 2554 92 2596 ut
109 2544 219 2602 ferret.
236 2544 287 2598 sed
305 2543 330 2596 is
343 2544 406 2612 jam
422 2561 482 2598 non
500 2541 558 2596 abit
574 2543 608 2596 ad
628 2543 815 2614 Principem,
832 2563 889 2598 nec
908 2559 939 2599 tu
957 2545 1029 2599 mihi
1048 2546 1105 2614 sig.

56 2633 179 2700 niteas,
195 2649 247 2705 per
263 2650 353 2705 quem
370 2644 433 2688 tuto
451 2645 480 2687 et
498 2644 614 2689 secreto
632 2634 712 2689 reddi
725 2635 852 2704 possint.
881 2635 960 2690 Nam
972 2648 1018 2690 est
1030 2624 1103 2691 milti

57 2723 221 2779 molestum
236 2740 340 2778 aurum
357 2723 483 2778 alienum
501 2740 593 2794 penes
610 2740 678 2792 me,
704 2724 756 2778 sed
776 2721 852 2778 haec
871 2736 988 2780 secreto
1006 2728 1082 2781 doce
1092 2764 1102 2795 ,

58 2829 182 2885 quaeso.
209 2813 277 2868 Nec
295 2813 366 2868 sciat
384 2813 440 2867 nisi
453 2813 599 2884 Princeps
618 2823 647 2867 et
665 2825 695 2867 tu
714 2823 743 2868 et
761 2831 834 2883 ego,
851 2828 881 2868 nt
899 2833 1016 2870 servem
1035 2835 1104 2887 pro.

54 2905 158 2961 missa.
192 2903 272 2959 Nam
289 2903 347 2957 hac
365 2904 478 2958 ratione
496 2904 600 2970 statui,
619 2903 678 2957 imo
696 2905 744 2958 ilie
762 2906 912 2960 consuluit
931 2919 959 2960 ct
978 2907 1101 2975 placuit,

56 3012 112 3065 per
137 3005 166 3048 te
191 3011 255 3048 rem
281 2992 423 3062 expediri.
456 2992 537 3048 Vale.
572 2992 812 3063 Witeurbergae,
837 3008 866 3051 et
889 2995 1023 3068 discerpe
1042 2995 1103 3048 iite-

55 3100 117 3140 ras.
134 3084 192 3151 ⁴⁴⁴)
224 3082 404 3139 MDxxffl.

739 3242 890 3300 Martinus
907 3242 1068 3299 Luthcrue.

97 3870 127 3921 Δ)
142 3871 200 3918 oter
214 3870 267 3920 aad
281 3872 373 3918 ituatur
385 3873 464 3923 uitiis
478 3873 515 3917 itt
528 3877 609 3925 tuente
622 3871 756 3932 pertarid
770 3871 856 3922 uitri.
882 3872 939 3925 dial.
953 3870 1104 3920 serrendors

56 3939 75 3984 1.
89 3954 110 3997 p.
123 3944 170 3990 279.
220 3945 257 3997 *η
271 3945 327 3997 ann.
340 3945 385 3992 aar.
400 3954 421 3990 n.
436 3948 466 3991 19.
480 3946 538 3997 nan.
551 3947 584 3993 tt
661 3947 712 3998 aaut
725 3947 788 3995 turni
800 3945 955 4000 uastantem
969 3946 1101 4000 eattattnt

56 4014 184 4064 testantur
197 4016 242 4064 nit
255 4016 290 4064 tte
303 4017 436 4074 uriattnns
449 4016 487 4066 tri
500 4017 600 4070 atttriti.
