<?xml version="1.0" encoding="UTF-8"?>
<!DOCTYPE html PUBLIC "-//W3C//DTD XHTML 1.0 Transitional//EN"
    "http://www.w3.org/TR/xhtml1/DTD/xhtml1-transitional.dtd">
<html xmlns="http://www.w3.org/1999/xhtml" xml:lang="en" lang="en">
 <head>
  <title>
</title>
<meta http-equiv="Content-Type" content="text/html;charset=utf-8" />
  <meta name='ocr-system' content='tesseract 3.04.00' />
  <meta name='ocr-capabilities' content='ocr_page ocr_carea ocr_par ocr_line ocrx_word'/>
</head>
<body>
  <div class='ocr_page' id='page_1' title='image "./briefesendschre03luthgoog_0052.png"; bbox 0 0 2574 4724; ppageno 0'>
   <div class='ocr_carea' id='block_1_1' title="bbox 607 310 1181 381">
    <p class='ocr_par' dir='ltr' id='par_1_1' title="bbox 607 310 1181 381">
     <span class='ocr_line' id='line_1_1' title="bbox 607 310 1181 381; baseline 0.012 -7"><span class='ocrx_word' id='word_1_1' title='bbox 607 310 697 375; x_wconf 70' lang='lat'><strong>1521.</strong></span> <span class='ocrx_word' id='word_1_2' title='bbox 1139 316 1181 381; x_wconf 72' lang='grc'><strong>33</strong></span> 
     </span>
    </p>
   </div>
   <div class='ocr_carea' id='block_1_2' title="bbox 118 462 1180 3578">
    <p class='ocr_par' dir='ltr' id='par_1_2' title="bbox 119 462 1180 1164">
     <span class='ocr_line' id='line_1_2' title="bbox 122 462 1180 544; baseline 0.004 -24"><span class='ocrx_word' id='word_1_3' title='bbox 122 464 315 523; x_wconf 77' lang='lat' dir='ltr'><strong>deseret-era:</strong></span> <span class='ocrx_word' id='word_1_4' title='bbox 331 462 411 535; x_wconf 88' lang='lat' dir='ltr'><strong>imo,</strong></span> <span class='ocrx_word' id='word_1_5' title='bbox 429 463 455 521; x_wconf 87' lang='lat' dir='ltr'><strong>si</strong></span> <span class='ocrx_word' id='word_1_6' title='bbox 473 463 539 522; x_wconf 87' lang='lat' dir='ltr'><strong>alibi</strong></span> <span class='ocrx_word' id='word_1_7' title='bbox 557 467 644 523; x_wconf 86' lang='lat' dir='ltr'><strong>etiam</strong></span> <span class='ocrx_word' id='word_1_8' title='bbox 661 469 813 539; x_wconf 78' lang='lat' dir='ltr'>docerem,</span> <span class='ocrx_word' id='word_1_9' title='bbox 831 482 900 525; x_wconf 87' lang='lat' dir='ltr'><strong>curn</strong></span> <span class='ocrx_word' id='word_1_10' title='bbox 916 466 1026 544; x_wconf 88' lang='lat' dir='ltr'><strong>ubique</strong></span> <span class='ocrx_word' id='word_1_11' title='bbox 1040 472 1078 527; x_wconf 89' lang='lat' dir='ltr'><strong>sit</strong></span> <span class='ocrx_word' id='word_1_12' title='bbox 1091 470 1180 527; x_wconf 84' lang='lat' dir='ltr'><strong>Chri.</strong></span> 
     </span>
     <span class='ocr_line' id='line_1_3' title="bbox 123 555 1178 633; baseline 0.007 -25"><span class='ocrx_word' id='word_1_13' title='bbox 123 567 214 623; x_wconf 79' lang='lat' dir='ltr'><strong>stus,</strong></span> <span class='ocrx_word' id='word_1_14' title='bbox 240 555 315 610; x_wconf 85' lang='lat' dir='ltr'><strong>idem</strong></span> <span class='ocrx_word' id='word_1_15' title='bbox 330 556 432 624; x_wconf 79' lang='lat' dir='ltr'><strong>soret,</strong></span> <span class='ocrx_word' id='word_1_16' title='bbox 456 572 492 610; x_wconf 85' lang='lat' dir='ltr'><strong>ac</strong></span> <span class='ocrx_word' id='word_1_17' title='bbox 515 556 540 610; x_wconf 88' lang='lat' dir='ltr'><strong>si</strong></span> <span class='ocrx_word' id='word_1_18' title='bbox 564 556 798 628; x_wconf 78' lang='lat' dir='ltr'><strong>Wittembergae</strong></span> <span class='ocrx_word' id='word_1_19' title='bbox 824 561 983 614; x_wconf 79' lang='lat' dir='ltr'>docerem:</span> <span class='ocrx_word' id='word_1_20' title='bbox 1009 577 1178 633; x_wconf 77' lang='lat' dir='ltr'><strong>quanquam</strong></span> 
     </span>
     <span class='ocr_line' id='line_1_4' title="bbox 126 644 1178 719; baseline 0.005 -20"><span class='ocrx_word' id='word_1_21' title='bbox 126 663 192 699; x_wconf 85' lang='lat' dir='ltr'><strong>non</strong></span> <span class='ocrx_word' id='word_1_22' title='bbox 214 646 309 700; x_wconf 84' lang='lat' dir='ltr'>ambio</span> <span class='ocrx_word' id='word_1_23' title='bbox 333 661 434 718; x_wconf 84' lang='lat' dir='ltr'><strong>neque</strong></span> <span class='ocrx_word' id='word_1_24' title='bbox 459 644 632 700; x_wconf 72' lang='lat' dir='ltr'><strong>cathedram</strong></span> <span class='ocrx_word' id='word_1_25' title='bbox 654 660 751 719; x_wconf 85' lang='lat' dir='ltr'><strong>neque</strong></span> <span class='ocrx_word' id='word_1_26' title='bbox 776 660 964 718; x_wconf 78' lang='lat' dir='ltr'><strong>suggestum,</strong></span> <span class='ocrx_word' id='word_1_27' title='bbox 990 668 1046 704; x_wconf 91' lang='lat' dir='ltr'><strong>nec</strong></span> <span class='ocrx_word' id='word_1_28' title='bbox 1062 652 1178 719; x_wconf 80' lang='lat' dir='ltr'><strong>uspiam</strong></span> 
     </span>
     <span class='ocr_line' id='line_1_5' title="bbox 124 736 1178 803; baseline 0.003 -15"><span class='ocrx_word' id='word_1_29' title='bbox 124 737 287 791; x_wconf 87' lang='lat' dir='ltr'><strong>concedam</strong></span> <span class='ocrx_word' id='word_1_30' title='bbox 304 752 342 791; x_wconf 90' lang='lat' dir='ltr'><strong>eo</strong></span> <span class='ocrx_word' id='word_1_31' title='bbox 359 736 499 803; x_wconf 88' lang='lat' dir='ltr'><strong>nomine,</strong></span> <span class='ocrx_word' id='word_1_32' title='bbox 517 736 573 790; x_wconf 90' lang='lat' dir='ltr'><strong>nisi</strong></span> <span class='ocrx_word' id='word_1_33' title='bbox 589 736 707 791; x_wconf 83' lang='lat' dir='ltr'><strong>fortiter</strong></span> <span class='ocrx_word' id='word_1_34' title='bbox 723 753 855 792; x_wconf 77' lang='lat' dir='ltr'><strong>vocatus.</strong></span> <span class='ocrx_word' id='word_1_35' title='bbox 890 738 957 792; x_wconf 85' lang='lat' dir='ltr'><strong>Scio</strong></span> <span class='ocrx_word' id='word_1_36' title='bbox 969 756 1030 792; x_wconf 90' lang='lat' dir='ltr'><strong>non</strong></span> <span class='ocrx_word' id='word_1_37' title='bbox 1044 741 1178 794; x_wconf 87' lang='lat' dir='ltr'><strong>essedo.</strong></span> 
     </span>
     <span class='ocr_line' id='line_1_6' title="bbox 123 824 1178 897; baseline 0.004 -18"><span class='ocrx_word' id='word_1_38' title='bbox 123 837 239 881; x_wconf 79' lang='grc' dir='ltr'><strong>οιοιιιιιι</strong></span> <span class='ocrx_word' id='word_1_39' title='bbox 253 842 296 881; x_wconf 82' lang='lat' dir='ltr'><strong>ex</strong></span> <span class='ocrx_word' id='word_1_40' title='bbox 312 824 405 895; x_wconf 81' lang='lat' dir='ltr'><strong>Deo,</strong></span> <span class='ocrx_word' id='word_1_41' title='bbox 423 826 474 897; x_wconf 87' lang='lat' dir='ltr'><strong>qui</strong></span> <span class='ocrx_word' id='word_1_42' title='bbox 491 842 544 879; x_wconf 85' lang='lat' dir='ltr'><strong>sua</strong></span> <span class='ocrx_word' id='word_1_43' title='bbox 561 838 669 897; x_wconf 90' lang='lat' dir='ltr'><strong>sponte</strong></span> <span class='ocrx_word' id='word_1_44' title='bbox 685 826 774 881; x_wconf 88' lang='lat' dir='ltr'><strong>venit.</strong></span> <span class='ocrx_word' id='word_1_45' title='bbox 810 828 958 882; x_wconf 72' lang='lat' dir='ltr'><strong>Hactenus</strong></span> <span class='ocrx_word' id='word_1_46' title='bbox 975 830 1034 897; x_wconf 81' lang='lat' dir='ltr'><strong>iugi</strong></span> <span class='ocrx_word' id='word_1_47' title='bbox 1052 829 1178 883; x_wconf 87' lang='lat' dir='ltr'><strong>docendi</strong></span> 
     </span>
     <span class='ocr_line' id='line_1_7' title="bbox 120 912 1178 989; baseline 0.005 -21"><span class='ocrx_word' id='word_1_48' title='bbox 120 926 249 969; x_wconf 81' lang='lat' dir='ltr'><strong>munus:</strong></span> <span class='ocrx_word' id='word_1_49' title='bbox 273 926 367 968; x_wconf 82' lang='lat' dir='ltr'><strong>nemo</strong></span> <span class='ocrx_word' id='word_1_50' title='bbox 389 924 508 985; x_wconf 78' lang='lat' dir='ltr'>speret,</span> <span class='ocrx_word' id='word_1_51' title='bbox 532 930 582 968; x_wconf 85' lang='lat' dir='ltr'><strong>me</strong></span> <span class='ocrx_word' id='word_1_52' title='bbox 597 912 687 968; x_wconf 83' lang='lat' dir='ltr'><strong>alium</strong></span> <span class='ocrx_word' id='word_1_53' title='bbox 703 930 825 970; x_wconf 87' lang='lat' dir='ltr'><strong>sensum</strong></span> <span class='ocrx_word' id='word_1_54' title='bbox 840 914 1028 973; x_wconf 84' lang='lat' dir='ltr'><strong>habiturum:</strong></span> <span class='ocrx_word' id='word_1_55' title='bbox 1057 932 1178 989; x_wconf 85' lang='lat' dir='ltr'><strong>semper</strong></span> 
     </span>
     <span class='ocr_line' id='line_1_8' title="bbox 119 1002 1177 1072; baseline 0.006 -15"><span class='ocrx_word' id='word_1_56' title='bbox 119 1004 240 1072; x_wconf 68' lang='lat' dir='ltr'><strong>fugiam</strong></span> <span class='ocrx_word' id='word_1_57' title='bbox 275 1002 304 1057; x_wconf 87' lang='lat' dir='ltr'><strong>Si</strong></span> <span class='ocrx_word' id='word_1_58' title='bbox 321 1003 401 1058; x_wconf 88' lang='lat' dir='ltr'><strong>euim</strong></span> <span class='ocrx_word' id='word_1_59' title='bbox 418 1003 626 1072; x_wconf 82' lang='lat' dir='ltr'><strong>ambivissem‚</strong></span> <span class='ocrx_word' id='word_1_60' title='bbox 650 1020 712 1058; x_wconf 87' lang='lat' dir='ltr'><strong>nou</strong></span> <span class='ocrx_word' id='word_1_61' title='bbox 738 1004 767 1058; x_wconf 85' lang='lat' dir='ltr'><strong>in</strong></span> <span class='ocrx_word' id='word_1_62' title='bbox 792 1004 870 1058; x_wconf 88' lang='lat' dir='ltr'><strong>hanc</strong></span> <span class='ocrx_word' id='word_1_63' title='bbox 894 1004 1082 1061; x_wconf 77' lang='lat' dir='ltr'><strong>solitudinem</strong></span> <span class='ocrx_word' id='word_1_64' title='bbox 1104 1023 1177 1063; x_wconf 87' lang='lat' dir='ltr'><strong>con.</strong></span> 
     </span>
     <span class='ocr_line' id='line_1_9' title="bbox 121 1093 448 1164; baseline -0.012 -15"><span class='ocrx_word' id='word_1_65' title='bbox 121 1093 290 1149; x_wconf 80' lang='lat' dir='ltr'><strong>sensissem</strong></span> <span class='ocrx_word' id='word_1_66' title='bbox 307 1108 448 1164; x_wconf 85' lang='lat' dir='ltr'><strong>unquam.</strong></span> 
     </span>
    </p>

    <p class='ocr_par' dir='ltr' id='par_1_3' title="bbox 118 1181 1179 1618">
     <span class='ocr_line' id='line_1_10' title="bbox 183 1181 1175 1254; baseline 0.001 -16"><span class='ocrx_word' id='word_1_67' title='bbox 183 1182 285 1239; x_wconf 73' lang='lat' dir='ltr'><strong>Jonas</strong></span> <span class='ocrx_word' id='word_1_68' title='bbox 313 1182 418 1239; x_wconf 86' lang='lat' dir='ltr'><strong>scribit</strong></span> <span class='ocrx_word' id='word_1_69' title='bbox 440 1198 524 1254; x_wconf 83' lang='lat' dir='ltr'><strong>spem</strong></span> <span class='ocrx_word' id='word_1_70' title='bbox 549 1181 658 1237; x_wconf 86' lang='lat' dir='ltr'><strong>bonam</strong></span> <span class='ocrx_word' id='word_1_71' title='bbox 682 1182 718 1237; x_wconf 89' lang='lat' dir='ltr'><strong>de</strong></span> <span class='ocrx_word' id='word_1_72' title='bbox 735 1183 933 1238; x_wconf 83' lang='lat' dir='ltr'><strong>decretalibus</strong></span> <span class='ocrx_word' id='word_1_73' title='bbox 951 1182 1116 1254; x_wconf 82' lang='lat' dir='ltr'><strong>papisticist</strong></span> <span class='ocrx_word' id='word_1_74' title='bbox 1142 1194 1175 1242; x_wconf 92' lang='lat' dir='ltr'><strong>tu</strong></span> 
     </span>
     <span class='ocr_line' id='line_1_11' title="bbox 121 1271 1177 1344; baseline -0.001 -15"><span class='ocrx_word' id='word_1_75' title='bbox 121 1272 205 1341; x_wconf 85' lang='lat' dir='ltr'><strong>aide,</strong></span> <span class='ocrx_word' id='word_1_76' title='bbox 231 1283 268 1326; x_wconf 88' lang='lat' dir='ltr'><strong>ut</strong></span> <span class='ocrx_word' id='word_1_77' title='bbox 290 1271 437 1343; x_wconf 76' lang='lat' dir='ltr'><strong>perficere</strong></span> <span class='ocrx_word' id='word_1_78' title='bbox 454 1271 573 1343; x_wconf 83' lang='lat' dir='ltr'><strong>spiritus</strong></span> <span class='ocrx_word' id='word_1_79' title='bbox 591 1272 705 1340; x_wconf 78' lang='lat' dir='ltr'><strong>possit,</strong></span> <span class='ocrx_word' id='word_1_80' title='bbox 733 1282 781 1325; x_wconf 88' lang='lat' dir='ltr'><strong>tua</strong></span> <span class='ocrx_word' id='word_1_81' title='bbox 806 1289 898 1344; x_wconf 86' lang='lat' dir='ltr'><strong>opera</strong></span> <span class='ocrx_word' id='word_1_82' title='bbox 922 1287 1006 1327; x_wconf 85' lang='lat' dir='ltr'><strong>usus.</strong></span> <span class='ocrx_word' id='word_1_83' title='bbox 1041 1273 1098 1328; x_wconf 88' lang='lat' dir='ltr'><strong>Sed</strong></span> <span class='ocrx_word' id='word_1_84' title='bbox 1126 1288 1177 1328; x_wconf 87' lang='lat' dir='ltr'><strong>su.</strong></span> 
     </span>
     <span class='ocr_line' id='line_1_12' title="bbox 118 1360 1176 1434; baseline -0.003 -16"><span class='ocrx_word' id='word_1_85' title='bbox 118 1378 172 1434; x_wconf 79' lang='lat' dir='ltr'><strong>pra</strong></span> <span class='ocrx_word' id='word_1_86' title='bbox 187 1360 274 1417; x_wconf 82' lang='lat' dir='ltr'><strong>vires</strong></span> <span class='ocrx_word' id='word_1_87' title='bbox 289 1376 373 1418; x_wconf 84' lang='lat' dir='ltr'><strong>meas</strong></span> <span class='ocrx_word' id='word_1_88' title='bbox 391 1370 452 1430; x_wconf 85' lang='lat' dir='ltr'><strong>est,</strong></span> <span class='ocrx_word' id='word_1_89' title='bbox 482 1361 561 1433; x_wconf 92' lang='lat' dir='ltr'><strong>quod</strong></span> <span class='ocrx_word' id='word_1_90' title='bbox 585 1361 678 1433; x_wconf 86' lang='lat' dir='ltr'><strong>petis,</strong></span> <span class='ocrx_word' id='word_1_91' title='bbox 707 1371 741 1417; x_wconf 93' lang='lat' dir='ltr'><strong>ut</strong></span> <span class='ocrx_word' id='word_1_92' title='bbox 764 1363 906 1430; x_wconf 76' lang='lat' dir='ltr'><strong>gymnasii</strong></span> <span class='ocrx_word' id='word_1_93' title='bbox 931 1362 1085 1418; x_wconf 81' lang='lat' dir='ltr'><strong>christiani</strong></span> <span class='ocrx_word' id='word_1_94' title='bbox 1114 1366 1176 1418; x_wconf 80' lang='lat' dir='ltr'><strong>for.</strong></span> 
     </span>
     <span class='ocr_line' id='line_1_13' title="bbox 118 1449 1177 1523; baseline 0.002 -17"><span class='ocrx_word' id='word_1_95' title='bbox 118 1466 198 1506; x_wconf 84' lang='lat' dir='ltr'><strong>mam</strong></span> <span class='ocrx_word' id='word_1_96' title='bbox 215 1467 296 1506; x_wconf 83' lang='lat' dir='ltr'><strong>unus</strong></span> <span class='ocrx_word' id='word_1_97' title='bbox 315 1449 530 1523; x_wconf 74' lang='lat' dir='ltr'><strong>praescribam:</strong></span> <span class='ocrx_word' id='word_1_98' title='bbox 555 1451 719 1504; x_wconf 82' lang='lat' dir='ltr'><strong>multorum</strong></span> <span class='ocrx_word' id='word_1_99' title='bbox 737 1451 859 1504; x_wconf 82' lang='lat' dir='ltr'><strong>consilia</strong></span> <span class='ocrx_word' id='word_1_100' title='bbox 876 1461 904 1505; x_wconf 91' lang='lat' dir='ltr'><strong>et</strong></span> <span class='ocrx_word' id='word_1_101' title='bbox 917 1451 1028 1520; x_wconf 85' lang='lat' dir='ltr'><strong>judicia</strong></span> <span class='ocrx_word' id='word_1_102' title='bbox 1045 1453 1177 1523; x_wconf 85' lang='lat' dir='ltr'><strong>postulat</strong></span> 
     </span>
     <span class='ocr_line' id='line_1_14' title="bbox 118 1534 1179 1618; baseline 0.001 -21"><span class='ocrx_word' id='word_1_103' title='bbox 118 1541 192 1597; x_wconf 81' lang='lat' dir='ltr'><strong>baec</strong></span> <span class='ocrx_word' id='word_1_104' title='bbox 201 1558 271 1618; x_wconf 82' lang='lat' dir='ltr'><strong>res:</strong></span> <span class='ocrx_word' id='word_1_105' title='bbox 288 1540 383 1595; x_wconf 82' lang='lat' dir='ltr'><strong>habes</strong></span> <span class='ocrx_word' id='word_1_106' title='bbox 393 1534 627 1610; x_wconf 69' lang='lat' dir='ltr'><strong>wirtembergae</strong></span> <span class='ocrx_word' id='word_1_107' title='bbox 640 1539 772 1608; x_wconf 88' lang='lat' dir='ltr'><strong>abunde,</strong></span> <span class='ocrx_word' id='word_1_108' title='bbox 790 1540 839 1611; x_wconf 87' lang='lat' dir='ltr'><strong>qui</strong></span> <span class='ocrx_word' id='word_1_109' title='bbox 848 1540 964 1611; x_wconf 86' lang='lat' dir='ltr'><strong>possint</strong></span> <span class='ocrx_word' id='word_1_110' title='bbox 974 1539 1001 1594; x_wconf 90' lang='lat' dir='ltr'><strong>id</strong></span> <span class='ocrx_word' id='word_1_111' title='bbox 1013 1552 1179 1612; x_wconf 62' lang='lat' dir='ltr'><strong>praestare·</strong></span> 
     </span>
    </p>

    <p class='ocr_par' dir='ltr' id='par_1_4' title="bbox 120 1626 1178 2596">
     <span class='ocr_line' id='line_1_15' title="bbox 167 1626 1176 1701; baseline -0.003 -16"><span class='ocrx_word' id='word_1_112' title='bbox 167 1626 332 1701; x_wconf 85' lang='lat' dir='ltr'><strong>Optimum</strong></span> <span class='ocrx_word' id='word_1_113' title='bbox 347 1630 444 1697; x_wconf 82' lang='lat' dir='ltr'><strong>foret,</strong></span> <span class='ocrx_word' id='word_1_114' title='bbox 467 1640 499 1683; x_wconf 88' lang='lat' dir='ltr'><strong>ut</strong></span> <span class='ocrx_word' id='word_1_115' title='bbox 515 1629 687 1683; x_wconf 86' lang='lat' dir='ltr'><strong>universum</strong></span> <span class='ocrx_word' id='word_1_116' title='bbox 699 1629 752 1698; x_wconf 81' lang='lat' dir='ltr'><strong>jus</strong></span> <span class='ocrx_word' id='word_1_117' title='bbox 770 1627 951 1700; x_wconf 83' lang='lat' dir='ltr'><strong>pontificium</strong></span> <span class='ocrx_word' id='word_1_118' title='bbox 977 1644 1104 1700; x_wconf 88' lang='lat' dir='ltr'><strong>prorsus</strong></span> <span class='ocrx_word' id='word_1_119' title='bbox 1123 1646 1176 1687; x_wconf 81' lang='lat' dir='ltr'><strong>ex.</strong></span> 
     </span>
     <span class='ocr_line' id='line_1_16' title="bbox 120 1717 1177 1790; baseline -0.001 -15"><span class='ocrx_word' id='word_1_120' title='bbox 120 1722 311 1775; x_wconf 83' lang='lat' dir='ltr'><strong>eiuderetur:</strong></span> <span class='ocrx_word' id='word_1_121' title='bbox 328 1727 392 1774; x_wconf 89' lang='lat' dir='ltr'><strong>tum</strong></span> <span class='ocrx_word' id='word_1_122' title='bbox 410 1718 563 1789; x_wconf 77' lang='lat' dir='ltr'><strong>Principes</strong></span> <span class='ocrx_word' id='word_1_123' title='bbox 586 1718 761 1790; x_wconf 85' lang='lat' dir='ltr'><strong>aliquando,</strong></span> <span class='ocrx_word' id='word_1_124' title='bbox 778 1717 876 1774; x_wconf 87' lang='lat' dir='ltr'><strong>animo</strong></span> <span class='ocrx_word' id='word_1_125' title='bbox 894 1730 1016 1789; x_wconf 85' lang='lat' dir='ltr'><strong>accepto</strong></span> <span class='ocrx_word' id='word_1_126' title='bbox 1026 1759 1036 1786; x_wconf 92' lang='lat'><strong>,</strong></span> <span class='ocrx_word' id='word_1_127' title='bbox 1054 1719 1177 1790; x_wconf 82' lang='lat' dir='ltr'><strong>jurisdi.</strong></span> 
     </span>
     <span class='ocr_line' id='line_1_17' title="bbox 120 1809 1176 1880; baseline 0 -16"><span class='ocrx_word' id='word_1_128' title='bbox 120 1814 252 1867; x_wconf 80' lang='lat' dir='ltr'><strong>ctionem</strong></span> <span class='ocrx_word' id='word_1_129' title='bbox 276 1822 309 1865; x_wconf 88' lang='lat' dir='ltr'><strong>et</strong></span> <span class='ocrx_word' id='word_1_130' title='bbox 332 1826 475 1864; x_wconf 84' lang='lat' dir='ltr'><strong>censuras</strong></span> <span class='ocrx_word' id='word_1_131' title='bbox 499 1810 570 1864; x_wconf 87' lang='lat' dir='ltr'><strong>istas</strong></span> <span class='ocrx_word' id='word_1_132' title='bbox 595 1811 712 1879; x_wconf 88' lang='lat' dir='ltr'><strong>penitus</strong></span> <span class='ocrx_word' id='word_1_133' title='bbox 730 1809 914 1880; x_wconf 86' lang='lat' dir='ltr'><strong>antiquarent</strong></span> <span class='ocrx_word' id='word_1_134' title='bbox 940 1809 970 1863; x_wconf 90' lang='lat' dir='ltr'><strong>in</strong></span> <span class='ocrx_word' id='word_1_135' title='bbox 997 1810 1058 1863; x_wconf 87' lang='lat' dir='ltr'><strong>suis</strong></span> <span class='ocrx_word' id='word_1_136' title='bbox 1075 1810 1176 1864; x_wconf 88' lang='lat' dir='ltr'><strong>terris.</strong></span> 
     </span>
     <span class='ocr_line' id='line_1_18' title="bbox 122 1896 1175 1968; baseline -0.002 -14"><span class='ocrx_word' id='word_1_137' title='bbox 122 1900 304 1955; x_wconf 78' lang='lat' dir='ltr'><strong>Audendum</strong></span> <span class='ocrx_word' id='word_1_138' title='bbox 330 1898 409 1953; x_wconf 84' lang='lat' dir='ltr'><strong>enim</strong></span> <span class='ocrx_word' id='word_1_139' title='bbox 431 1907 493 1965; x_wconf 90' lang='lat' dir='ltr'><strong>est,</strong></span> <span class='ocrx_word' id='word_1_140' title='bbox 522 1897 546 1951; x_wconf 91' lang='lat' dir='ltr'><strong>si</strong></span> <span class='ocrx_word' id='word_1_141' title='bbox 570 1899 640 1968; x_wconf 92' lang='lat' dir='ltr'><strong>quid</strong></span> <span class='ocrx_word' id='word_1_142' title='bbox 663 1912 802 1965; x_wconf 87' lang='lat' dir='ltr'><strong>magnum</strong></span> <span class='ocrx_word' id='word_1_143' title='bbox 825 1907 855 1951; x_wconf 92' lang='lat' dir='ltr'><strong>et</strong></span> <span class='ocrx_word' id='word_1_144' title='bbox 880 1896 1008 1951; x_wconf 84' lang='lat' dir='ltr'><strong>salutare</strong></span> <span class='ocrx_word' id='word_1_145' title='bbox 1024 1914 1175 1967; x_wconf 84' lang='lat' dir='ltr'><strong>paramus.</strong></span> 
     </span>
     <span class='ocr_line' id='line_1_19' title="bbox 123 1986 1176 2059; baseline -0.007 -13"><span class='ocrx_word' id='word_1_146' title='bbox 123 1988 202 2046; x_wconf 76' lang='lat' dir='ltr'><strong>Nam</strong></span> <span class='ocrx_word' id='word_1_147' title='bbox 220 1990 278 2045; x_wconf 87' lang='lat' dir='ltr'><strong>nisi</strong></span> <span class='ocrx_word' id='word_1_148' title='bbox 290 1988 461 2059; x_wconf 73' lang='lat' dir='ltr'><strong>jurisdictio</strong></span> <span class='ocrx_word' id='word_1_149' title='bbox 478 1988 532 2042; x_wconf 83' lang='lat' dir='ltr'><strong>istu</strong></span> <span class='ocrx_word' id='word_1_150' title='bbox 549 1986 691 2057; x_wconf 82' lang='lat' dir='ltr'><strong>sacrilega</strong></span> <span class='ocrx_word' id='word_1_151' title='bbox 703 1986 864 2055; x_wconf 78' lang='lat' dir='ltr'><strong>abrogetur</strong></span> <span class='ocrx_word' id='word_1_152' title='bbox 875 1996 905 2040; x_wconf 92' lang='lat' dir='ltr'><strong>et</strong></span> <span class='ocrx_word' id='word_1_153' title='bbox 911 1986 1023 2055; x_wconf 85' lang='lat' dir='ltr'><strong>jaceat,</strong></span> <span class='ocrx_word' id='word_1_154' title='bbox 1034 1988 1087 2055; x_wconf 85' lang='lat' dir='ltr'><strong>jus</strong></span> <span class='ocrx_word' id='word_1_155' title='bbox 1100 2004 1176 2058; x_wconf 80' lang='lat' dir='ltr'><strong>pon.</strong></span> 
     </span>
     <span class='ocr_line' id='line_1_20' title="bbox 124 2073 1176 2148; baseline -0.003 -15"><span class='ocrx_word' id='word_1_156' title='bbox 124 2077 198 2133; x_wconf 80' lang='lat' dir='ltr'><strong>tificii</strong></span> <span class='ocrx_word' id='word_1_157' title='bbox 214 2077 327 2133; x_wconf 85' lang='lat' dir='ltr'><strong>veneni</strong></span> <span class='ocrx_word' id='word_1_158' title='bbox 344 2076 411 2148; x_wconf 88' lang='lat' dir='ltr'><strong>quis</strong></span> <span class='ocrx_word' id='word_1_159' title='bbox 429 2075 588 2133; x_wconf 72' lang='lat' dir='ltr'><strong>excludet?</strong></span> <span class='ocrx_word' id='word_1_160' title='bbox 604 2076 697 2131; x_wconf 87' lang='lat' dir='ltr'><strong>Meus</strong></span> <span class='ocrx_word' id='word_1_161' title='bbox 714 2075 764 2130; x_wconf 91' lang='lat' dir='ltr'><strong>bic</strong></span> <span class='ocrx_word' id='word_1_162' title='bbox 775 2073 889 2143; x_wconf 82' lang='lat' dir='ltr'><strong>hospes</strong></span> <span class='ocrx_word' id='word_1_163' title='bbox 901 2073 930 2140; x_wconf 78' lang='lat'><strong>*)</strong></span> <span class='ocrx_word' id='word_1_164' title='bbox 947 2075 1057 2145; x_wconf 88' lang='lat' dir='ltr'><strong>optime</strong></span> <span class='ocrx_word' id='word_1_165' title='bbox 1067 2076 1176 2147; x_wconf 88' lang='lat' dir='ltr'><strong>coepit,</strong></span> 
     </span>
     <span class='ocr_line' id='line_1_21' title="bbox 125 2163 1176 2238; baseline -0.001 -18"><span class='ocrx_word' id='word_1_166' title='bbox 125 2183 268 2223; x_wconf 84' lang='lat' dir='ltr'><strong>censuras</strong></span> <span class='ocrx_word' id='word_1_167' title='bbox 287 2164 454 2238; x_wconf 87' lang='lat' dir='ltr'><strong>prohibens</strong></span> <span class='ocrx_word' id='word_1_168' title='bbox 467 2163 530 2231; x_wconf 76' lang='lat'><strong>’*):</strong></span> <span class='ocrx_word' id='word_1_169' title='bbox 559 2164 583 2220; x_wconf 89' lang='lat' dir='ltr'><strong>si</strong></span> <span class='ocrx_word' id='word_1_170' title='bbox 600 2164 756 2234; x_wconf 85' lang='lat' dir='ltr'><strong>Principes</strong></span> <span class='ocrx_word' id='word_1_171' title='bbox 773 2163 893 2217; x_wconf 85' lang='lat' dir='ltr'><strong>nomine</strong></span> <span class='ocrx_word' id='word_1_172' title='bbox 919 2178 975 2217; x_wconf 89' lang='lat' dir='ltr'><strong>suo</strong></span> <span class='ocrx_word' id='word_1_173' title='bbox 999 2164 1026 2217; x_wconf 88' lang='lat' dir='ltr'><strong>id</strong></span> <span class='ocrx_word' id='word_1_174' title='bbox 1045 2166 1176 2235; x_wconf 82' lang='lat' dir='ltr'><strong>noiient,</strong></span> 
     </span>
     <span class='ocr_line' id='line_1_22' title="bbox 126 2251 1178 2324; baseline -0.002 -14"><span class='ocrx_word' id='word_1_175' title='bbox 126 2257 344 2312; x_wconf 71' lang='lat' dir='ltr'><strong>dissimularent</strong></span> <span class='ocrx_word' id='word_1_176' title='bbox 359 2264 459 2309; x_wconf 87' lang='lat' dir='ltr'><strong>tamen</strong></span> <span class='ocrx_word' id='word_1_177' title='bbox 483 2252 511 2307; x_wconf 91' lang='lat' dir='ltr'><strong>id</strong></span> <span class='ocrx_word' id='word_1_178' title='bbox 529 2251 593 2308; x_wconf 84' lang='lat' dir='ltr'><strong>fieri</strong></span> <span class='ocrx_word' id='word_1_179' title='bbox 614 2269 667 2324; x_wconf 81' lang='lat' dir='ltr'><strong>per</strong></span> <span class='ocrx_word' id='word_1_180' title='bbox 686 2268 759 2308; x_wconf 87' lang='lat' dir='ltr'><strong>suos</strong></span> <span class='ocrx_word' id='word_1_181' title='bbox 777 2251 933 2322; x_wconf 83' lang='lat' dir='ltr'><strong>praesides</strong></span> <span class='ocrx_word' id='word_1_182' title='bbox 946 2262 977 2307; x_wconf 91' lang='lat' dir='ltr'><strong>et</strong></span> <span class='ocrx_word' id='word_1_183' title='bbox 988 2252 1121 2321; x_wconf 86' lang='lat' dir='ltr'><strong>judices,</strong></span> <span class='ocrx_word' id='word_1_184' title='bbox 1144 2262 1178 2308; x_wconf 85' lang='lat' dir='ltr'><strong>ut</strong></span> 
     </span>
     <span class='ocr_line' id='line_1_23' title="bbox 126 2340 1176 2417; baseline -0.003 -18"><span class='ocrx_word' id='word_1_185' title='bbox 126 2345 165 2399; x_wconf 83' lang='lat' dir='ltr'><strong>sie</strong></span> <span class='ocrx_word' id='word_1_186' title='bbox 181 2342 324 2417; x_wconf 66' lang='lat' dir='ltr'><strong>paulatim</strong></span> <span class='ocrx_word' id='word_1_187' title='bbox 341 2344 488 2413; x_wconf 87' lang='lat' dir='ltr'><strong>irreperet</strong></span> <span class='ocrx_word' id='word_1_188' title='bbox 503 2342 532 2395; x_wconf 90' lang='lat' dir='ltr'><strong>in</strong></span> <span class='ocrx_word' id='word_1_189' title='bbox 549 2341 673 2410; x_wconf 90' lang='lat' dir='ltr'><strong>orbem,</strong></span> <span class='ocrx_word' id='word_1_190' title='bbox 692 2359 728 2396; x_wconf 91' lang='lat' dir='ltr'><strong>ne</strong></span> <span class='ocrx_word' id='word_1_191' title='bbox 745 2340 813 2412; x_wconf 84' lang='lat' dir='ltr'><strong>quis</strong></span> <span class='ocrx_word' id='word_1_192' title='bbox 826 2340 1065 2410; x_wconf 85' lang='lat' dir='ltr'><strong>secundumjura</strong></span> <span class='ocrx_word' id='word_1_193' title='bbox 1077 2341 1176 2412; x_wconf 87' lang='lat' dir='ltr'><strong>Papae</strong></span> 
     </span>
     <span class='ocr_line' id='line_1_24' title="bbox 126 2428 1176 2504; baseline -0.003 -14"><span class='ocrx_word' id='word_1_194' title='bbox 126 2428 358 2504; x_wconf 68' lang='lat' dir='ltr'><strong>poeniturum,</strong></span> <span class='ocrx_word' id='word_1_195' title='bbox 383 2432 437 2488; x_wconf 86' lang='lat' dir='ltr'><strong>sed</strong></span> <span class='ocrx_word' id='word_1_196' title='bbox 455 2432 619 2487; x_wconf 86' lang='lat' dir='ltr'><strong>secundum</strong></span> <span class='ocrx_word' id='word_1_197' title='bbox 635 2445 738 2484; x_wconf 91' lang='lat' dir='ltr'><strong>mores</strong></span> <span class='ocrx_word' id='word_1_198' title='bbox 765 2441 795 2484; x_wconf 90' lang='lat' dir='ltr'><strong>et</strong></span> <span class='ocrx_word' id='word_1_199' title='bbox 811 2431 885 2484; x_wconf 84' lang='lat' dir='ltr'><strong>ritus</strong></span> <span class='ocrx_word' id='word_1_200' title='bbox 902 2431 1059 2500; x_wconf 79' lang='lat' dir='ltr'><strong>regionum</strong></span> <span class='ocrx_word' id='word_1_201' title='bbox 1076 2431 1176 2487; x_wconf 87' lang='lat' dir='ltr'><strong>omnia</strong></span> 
     </span>
     <span class='ocr_line' id='line_1_25' title="bbox 126 2533 386 2596; baseline -0.008 -18"><span class='ocrx_word' id='word_1_202' title='bbox 126 2533 386 2596; x_wconf 87' lang='lat' dir='ltr'><strong>componerentur.</strong></span> 
     </span>
    </p>

    <p class='ocr_par' dir='ltr' id='par_1_5' title="bbox 128 2609 1175 2951">
     <span class='ocr_line' id='line_1_26' title="bbox 184 2609 1175 2682; baseline -0.004 -15"><span class='ocrx_word' id='word_1_203' title='bbox 184 2612 331 2667; x_wconf 69' lang='lat' dir='ltr'><strong>valetudo</strong></span> <span class='ocrx_word' id='word_1_204' title='bbox 350 2627 414 2664; x_wconf 82' lang='lat' dir='ltr'><strong>mee</strong></span> <span class='ocrx_word' id='word_1_205' title='bbox 431 2609 539 2679; x_wconf 84' lang='lat' dir='ltr'><strong>habet,</strong></span> <span class='ocrx_word' id='word_1_206' title='bbox 557 2622 590 2664; x_wconf 87' lang='lat' dir='ltr'><strong>ut</strong></span> <span class='ocrx_word' id='word_1_207' title='bbox 607 2609 701 2664; x_wconf 86' lang='lat' dir='ltr'><strong>levius</strong></span> <span class='ocrx_word' id='word_1_208' title='bbox 721 2622 853 2678; x_wconf 72' lang='lat' dir='ltr'><strong>egeram,</strong></span> <span class='ocrx_word' id='word_1_209' title='bbox 871 2610 1007 2666; x_wconf 85' lang='lat' dir='ltr'><strong>violentis</strong></span> <span class='ocrx_word' id='word_1_210' title='bbox 1025 2620 1054 2666; x_wconf 89' lang='lat' dir='ltr'><strong>et</strong></span> <span class='ocrx_word' id='word_1_211' title='bbox 1071 2623 1175 2682; x_wconf 89' lang='lat' dir='ltr'><strong>poten.</strong></span> 
     </span>
     <span class='ocr_line' id='line_1_27' title="bbox 128 2699 1175 2768; baseline -0.001 -12"><span class='ocrx_word' id='word_1_212' title='bbox 128 2702 199 2758; x_wconf 86' lang='lat' dir='ltr'><strong>tibus</strong></span> <span class='ocrx_word' id='word_1_213' title='bbox 217 2713 324 2756; x_wconf 84' lang='lat' dir='ltr'><strong>vexata</strong></span> <span class='ocrx_word' id='word_1_214' title='bbox 342 2700 495 2754; x_wconf 86' lang='lat' dir='ltr'><strong>remediis:</strong></span> <span class='ocrx_word' id='word_1_215' title='bbox 514 2700 566 2754; x_wconf 88' lang='lat' dir='ltr'><strong>sed</strong></span> <span class='ocrx_word' id='word_1_216' title='bbox 583 2708 686 2752; x_wconf 86' lang='lat' dir='ltr'><strong>natura</strong></span> <span class='ocrx_word' id='word_1_217' title='bbox 703 2699 874 2767; x_wconf 81' lang='lat' dir='ltr'><strong>digestionis</strong></span> <span class='ocrx_word' id='word_1_218' title='bbox 893 2700 962 2753; x_wconf 83' lang='lat' dir='ltr'><strong>nihii</strong></span> <span class='ocrx_word' id='word_1_219' title='bbox 981 2713 1126 2768; x_wconf 77' lang='lat' dir='ltr'><strong>mutetur,</strong></span> <span class='ocrx_word' id='word_1_220' title='bbox 1145 2710 1175 2755; x_wconf 90' lang='lat' dir='ltr'><strong>et</strong></span> 
     </span>
     <span class='ocr_line' id='line_1_28' title="bbox 130 2789 1173 2862; baseline -0.002 -16"><span class='ocrx_word' id='word_1_221' title='bbox 130 2795 248 2847; x_wconf 78' lang='lat' dir='ltr'><strong>eaucedo</strong></span> <span class='ocrx_word' id='word_1_222' title='bbox 276 2802 470 2862; x_wconf 78' lang='lat' dir='ltr'><strong>perseverat,</strong></span> <span class='ocrx_word' id='word_1_223' title='bbox 498 2806 587 2859; x_wconf 85' lang='lat' dir='ltr'><strong>quam</strong></span> <span class='ocrx_word' id='word_1_224' title='bbox 614 2789 752 2858; x_wconf 86' lang='lat' dir='ltr'><strong>suspicor</strong></span> <span class='ocrx_word' id='word_1_225' title='bbox 777 2805 989 2858; x_wconf 84' lang='lat' dir='ltr'><strong>processuram</strong></span> <span class='ocrx_word' id='word_1_226' title='bbox 1019 2791 1047 2843; x_wconf 90' lang='lat' dir='ltr'><strong>in</strong></span> <span class='ocrx_word' id='word_1_227' title='bbox 1076 2792 1173 2860; x_wconf 86' lang='lat' dir='ltr'><strong>majus</strong></span> 
     </span>
     <span class='ocr_line' id='line_1_29' title="bbox 128 2876 1131 2951; baseline -0.002 -17"><span class='ocrx_word' id='word_1_228' title='bbox 128 2885 245 2949; x_wconf 83' lang='lat' dir='ltr'><strong>malum,</strong></span> <span class='ocrx_word' id='word_1_229' title='bbox 265 2880 445 2951; x_wconf 84' lang='lat' dir='ltr'><strong>percutiente</strong></span> <span class='ocrx_word' id='word_1_230' title='bbox 460 2894 508 2930; x_wconf 86' lang='lat' dir='ltr'><strong>me</strong></span> <span class='ocrx_word' id='word_1_231' title='bbox 529 2876 663 2930; x_wconf 85' lang='lat' dir='ltr'><strong>Domino</strong></span> <span class='ocrx_word' id='word_1_232' title='bbox 682 2878 845 2930; x_wconf 87' lang='lat' dir='ltr'><strong>secundum</strong></span> <span class='ocrx_word' id='word_1_233' title='bbox 864 2879 1019 2931; x_wconf 77' lang='lat' dir='ltr'><strong>veritatem</strong></span> <span class='ocrx_word' id='word_1_234' title='bbox 1038 2897 1131 2932; x_wconf 85' lang='lat' dir='ltr'><strong>suam.</strong></span> 
     </span>
    </p>

    <p class='ocr_par' dir='ltr' id='par_1_6' title="bbox 118 2965 1174 3578">
     <span class='ocr_line' id='line_1_30' title="bbox 185 2965 1172 3044; baseline 0 -21"><span class='ocrx_word' id='word_1_235' title='bbox 185 2973 272 3044; x_wconf 81' lang='lat' dir='ltr'><strong>Quae</strong></span> <span class='ocrx_word' id='word_1_236' title='bbox 297 2970 346 3022; x_wconf 89' lang='lat' dir='ltr'><strong>hic</strong></span> <span class='ocrx_word' id='word_1_237' title='bbox 372 2970 455 3022; x_wconf 90' lang='lat' dir='ltr'><strong>mitto</strong></span> <span class='ocrx_word' id='word_1_238' title='bbox 480 2968 590 3038; x_wconf 84' lang='lat' dir='ltr'><strong>reliqua</strong></span> <span class='ocrx_word' id='word_1_239' title='bbox 609 2965 766 3033; x_wconf 84' lang='lat' dir='ltr'><strong>Postiliae,</strong></span> <span class='ocrx_word' id='word_1_240' title='bbox 792 2966 910 3020; x_wconf 85' lang='lat' dir='ltr'><strong>curabis</strong></span> <span class='ocrx_word' id='word_1_241' title='bbox 928 2969 1172 3036; x_wconf 79' lang='lat' dir='ltr'><strong>praecedentibus</strong></span> 
     </span>
     <span class='ocr_line' id='line_1_31' title="bbox 126 3056 1174 3131; baseline -0.002 -17"><span class='ocrx_word' id='word_1_242' title='bbox 126 3062 253 3131; x_wconf 79' lang='lat' dir='ltr'><strong>adjungi,</strong></span> <span class='ocrx_word' id='word_1_243' title='bbox 283 3074 311 3113; x_wconf 91' lang='lat' dir='ltr'><strong>et</strong></span> <span class='ocrx_word' id='word_1_244' title='bbox 330 3057 560 3126; x_wconf 76' lang='lat' dir='ltr'><strong>Wittembcrgae</strong></span> <span class='ocrx_word' id='word_1_245' title='bbox 584 3056 691 3110; x_wconf 86' lang='lat' dir='ltr'><strong>excudi</strong></span> <span class='ocrx_word' id='word_1_246' title='bbox 716 3072 786 3126; x_wconf 87' lang='lat' dir='ltr'><strong>prae</strong></span> <span class='ocrx_word' id='word_1_247' title='bbox 804 3058 954 3111; x_wconf 87' lang='lat' dir='ltr'><strong>omnibus.</strong></span> <span class='ocrx_word' id='word_1_248' title='bbox 988 3057 1067 3110; x_wconf 86' lang='lat' dir='ltr'><strong>Nam</strong></span> <span class='ocrx_word' id='word_1_249' title='bbox 1093 3060 1174 3112; x_wconf 82' lang='lat' dir='ltr'><strong>festi.</strong></span> 
     </span>
     <span class='ocr_line' id='line_1_32' title="bbox 125 3145 1170 3217; baseline -0.003 -13"><span class='ocrx_word' id='word_1_250' title='bbox 125 3153 217 3217; x_wconf 86' lang='lat' dir='ltr'><strong>nabo,</strong></span> <span class='ocrx_word' id='word_1_251' title='bbox 246 3160 280 3202; x_wconf 92' lang='lat' dir='ltr'><strong>ut</strong></span> <span class='ocrx_word' id='word_1_252' title='bbox 304 3148 457 3201; x_wconf 84' lang='lat' dir='ltr'><strong>denarium</strong></span> <span class='ocrx_word' id='word_1_253' title='bbox 475 3146 707 3214; x_wconf 76' lang='lat' dir='ltr'><strong>Evangeliorum</strong></span> <span class='ocrx_word' id='word_1_254' title='bbox 733 3145 903 3200; x_wconf 85' lang='lat' dir='ltr'><strong>absolutum</strong></span> <span class='ocrx_word' id='word_1_255' title='bbox 927 3146 1095 3200; x_wconf 85' lang='lat' dir='ltr'><strong>emittamus</strong></span> <span class='ocrx_word' id='word_1_256' title='bbox 1114 3165 1170 3216; x_wconf 88' lang='lat' dir='ltr'><strong>pro</strong></span> 
     </span>
     <span class='ocr_line' id='line_1_33' title="bbox 126 3234 1171 3308; baseline 0.001 -18"><span class='ocrx_word' id='word_1_257' title='bbox 126 3256 178 3293; x_wconf 90' lang='lat' dir='ltr'><strong>uno</strong></span> <span class='ocrx_word' id='word_1_258' title='bbox 196 3239 292 3293; x_wconf 86' lang='lat' dir='ltr'><strong>libro:</strong></span> <span class='ocrx_word' id='word_1_259' title='bbox 310 3248 437 3308; x_wconf 86' lang='lat' dir='ltr'><strong>quatuor</strong></span> <span class='ocrx_word' id='word_1_260' title='bbox 455 3234 631 3288; x_wconf 83' lang='lat' dir='ltr'><strong>Dominicas</strong></span> <span class='ocrx_word' id='word_1_261' title='bbox 649 3234 836 3301; x_wconf 84' lang='lat' dir='ltr'><strong>transferam,</strong></span> <span class='ocrx_word' id='word_1_262' title='bbox 855 3244 884 3287; x_wconf 94' lang='lat' dir='ltr'><strong>et</strong></span> <span class='ocrx_word' id='word_1_263' title='bbox 901 3234 1013 3304; x_wconf 82' lang='lat' dir='ltr'><strong>reliqua</strong></span> <span class='ocrx_word' id='word_1_264' title='bbox 1028 3236 1171 3304; x_wconf 89' lang='lat' dir='ltr'><strong>adjiciam.</strong></span> 
     </span>
     <span class='ocr_line' id='line_1_34' title="bbox 124 3323 1171 3403; baseline -0.003 -23"><span class='ocrx_word' id='word_1_265' title='bbox 124 3329 212 3403; x_wconf 76' lang='lat' dir='ltr'><strong>Quod</strong></span> <span class='ocrx_word' id='word_1_266' title='bbox 229 3328 321 3392; x_wconf 80' lang='lat' dir='ltr'><strong>facio,</strong></span> <span class='ocrx_word' id='word_1_267' title='bbox 346 3341 382 3378; x_wconf 90' lang='lat' dir='ltr'><strong>ne</strong></span> <span class='ocrx_word' id='word_1_268' title='bbox 400 3324 475 3377; x_wconf 87' lang='lat' dir='ltr'><strong>iiber</strong></span> <span class='ocrx_word' id='word_1_269' title='bbox 491 3323 581 3376; x_wconf 89' lang='lat' dir='ltr'><strong>nimio</strong></span> <span class='ocrx_word' id='word_1_270' title='bbox 597 3339 720 3391; x_wconf 81' lang='lat' dir='ltr'><strong>magnus</strong></span> <span class='ocrx_word' id='word_1_271' title='bbox 740 3331 851 3376; x_wconf 87' lang='lat' dir='ltr'><strong>terreat</strong></span> <span class='ocrx_word' id='word_1_272' title='bbox 868 3323 998 3390; x_wconf 86' lang='lat' dir='ltr'><strong>legentes</strong></span> <span class='ocrx_word' id='word_1_273' title='bbox 1024 3335 1052 3377; x_wconf 80' lang='lat' dir='ltr'><strong>et</strong></span> <span class='ocrx_word' id='word_1_274' title='bbox 1070 3340 1171 3379; x_wconf 81' lang='lat' dir='ltr'><strong>emen.</strong></span> 
     </span>
     <span class='ocr_line' id='line_1_35' title="bbox 121 3411 1169 3481; baseline -0.003 -10"><span class='ocrx_word' id='word_1_275' title='bbox 121 3431 184 3475; x_wconf 81' lang='lat' dir='ltr'><strong>tes:</strong></span> <span class='ocrx_word' id='word_1_276' title='bbox 207 3416 295 3471; x_wconf 86' lang='lat' dir='ltr'><strong>simul</strong></span> <span class='ocrx_word' id='word_1_277' title='bbox 321 3424 354 3468; x_wconf 88' lang='lat' dir='ltr'><strong>ut</strong></span> <span class='ocrx_word' id='word_1_278' title='bbox 381 3413 498 3467; x_wconf 88' lang='lat' dir='ltr'><strong>interim</strong></span> <span class='ocrx_word' id='word_1_279' title='bbox 523 3411 687 3477; x_wconf 82' lang='lat' dir='ltr'><strong>habeatur,</strong></span> <span class='ocrx_word' id='word_1_280' title='bbox 713 3411 793 3481; x_wconf 90' lang='lat' dir='ltr'><strong>quod</strong></span> <span class='ocrx_word' id='word_1_281' title='bbox 818 3411 956 3465; x_wconf 86' lang='lat' dir='ltr'><strong>discatur.</strong></span> <span class='ocrx_word' id='word_1_282' title='bbox 990 3413 1023 3466; x_wconf 84' lang='lat' dir='ltr'><strong>ln</strong></span> <span class='ocrx_word' id='word_1_283' title='bbox 1045 3412 1169 3468; x_wconf 82' lang='lat' dir='ltr'><strong>Christo</strong></span> 
     </span>
     <span class='ocr_line' id='line_1_36' title="bbox 118 3501 1168 3578; baseline -0.004 -15"><span class='ocrx_word' id='word_1_284' title='bbox 118 3512 200 3576; x_wconf 78' lang='lat' dir='ltr'><strong>sale,</strong></span> <span class='ocrx_word' id='word_1_285' title='bbox 217 3521 248 3562; x_wconf 88' lang='lat' dir='ltr'><strong>et</strong></span> <span class='ocrx_word' id='word_1_286' title='bbox 264 3523 318 3561; x_wconf 87' lang='lat' dir='ltr'><strong>ora</strong></span> <span class='ocrx_word' id='word_1_287' title='bbox 333 3523 390 3578; x_wconf 89' lang='lat' dir='ltr'><strong>pro</strong></span> <span class='ocrx_word' id='word_1_288' title='bbox 409 3521 466 3561; x_wconf 85' lang='lat' dir='ltr'><strong>me.</strong></span> <span class='ocrx_word' id='word_1_289' title='bbox 499 3503 550 3558; x_wconf 84' lang='lat' dir='ltr'><strong>Ex</strong></span> <span class='ocrx_word' id='word_1_290' title='bbox 564 3501 696 3569; x_wconf 88' lang='lat' dir='ltr'><strong>Eremo,</strong></span> <span class='ocrx_word' id='word_1_291' title='bbox 713 3502 807 3570; x_wconf 83' lang='lat' dir='ltr'><strong>vigilia</strong></span> <span class='ocrx_word' id='word_1_292' title='bbox 820 3502 901 3557; x_wconf 85' lang='lat' dir='ltr'><strong>Petri</strong></span> <span class='ocrx_word' id='word_1_293' title='bbox 915 3502 1072 3572; x_wconf 62' lang='lat' dir='ltr'><strong>sinemuri,</strong></span> <span class='ocrx_word' id='word_1_294' title='bbox 1091 3521 1168 3559; x_wconf 81' lang='lat' dir='ltr'><strong>anno</strong></span> 
     </span>
    </p>
   </div>
   <div class='ocr_carea' id='block_1_3' title="bbox 116 3597 1136 3715">
    <p class='ocr_par' dir='ltr' id='par_1_7' title="bbox 116 3597 1136 3715">
     <span class='ocr_line' id='line_1_37' title="bbox 116 3597 274 3655; baseline 0.006 -1"><span class='ocrx_word' id='word_1_295' title='bbox 116 3597 274 3655; x_wconf 69' lang='lat' dir='ltr'><strong>MDXXI.</strong></span> 
     </span>
     <span class='ocr_line' id='line_1_38' title="bbox 803 3654 1136 3715; baseline 0.012 -4"><span class='ocrx_word' id='word_1_296' title='bbox 803 3654 954 3712; x_wconf 82' lang='lat' dir='ltr'><strong>Martinus</strong></span> <span class='ocrx_word' id='word_1_297' title='bbox 971 3656 1136 3715; x_wconf 84' lang='lat' dir='ltr'><strong>Lutherus.</strong></span> 
     </span>
    </p>
   </div>
   <div class='ocr_carea' id='block_1_4' title="bbox 113 3816 1165 4027">
    <p class='ocr_par' dir='ltr' id='par_1_8' title="bbox 113 3816 1165 4027">
     <span class='ocr_line' id='line_1_39' title="bbox 165 3816 715 3873; baseline -0.013 -4"><span class='ocrx_word' id='word_1_298' title='bbox 165 3830 190 3873; x_wconf 72' lang='lat'><strong>¹)</strong></span> <span class='ocrx_word' id='word_1_299' title='bbox 205 3823 255 3872; x_wconf 67' lang='lat' dir='ltr'><strong>met</strong></span> <span class='ocrx_word' id='word_1_300' title='bbox 268 3819 504 3872; x_wconf 66' lang='lat' dir='ltr'><strong>ediciueuntmcnn</strong></span> <span class='ocrx_word' id='word_1_301' title='bbox 518 3826 563 3865; x_wconf 85' lang='lat' dir='ltr'><strong>uon</strong></span> <span class='ocrx_word' id='word_1_302' title='bbox 577 3816 715 3872; x_wconf 59' lang='lat' dir='ltr'><strong>mortuum.</strong></span> 
     </span>
     <span class='ocr_line' id='line_1_40' title="bbox 163 3886 1165 3946; baseline -0.006 -5"><span class='ocrx_word' id='word_1_303' title='bbox 163 3900 203 3946; x_wconf 85' lang='grc'><strong>··)</strong></span> <span class='ocrx_word' id='word_1_304' title='bbox 217 3900 253 3945; x_wconf 71' lang='lat' dir='ltr'><strong>oe</strong></span> <span class='ocrx_word' id='word_1_305' title='bbox 265 3898 338 3946; x_wconf 75' lang='lat' dir='ltr'><strong>neers</strong></span> <span class='ocrx_word' id='word_1_306' title='bbox 352 3897 386 3940; x_wconf 77' lang='lat' dir='ltr'><strong>m</strong></span> <span class='ocrx_word' id='word_1_307' title='bbox 400 3895 528 3942; x_wconf 70' lang='lat' dir='ltr'><strong>curruum</strong></span> <span class='ocrx_word' id='word_1_308' title='bbox 542 3891 579 3938; x_wconf 81' lang='lat' dir='ltr'><strong>aet</strong></span> <span class='ocrx_word' id='word_1_309' title='bbox 592 3892 726 3943; x_wconf 72' lang='lat' dir='ltr'><strong>ottonom</strong></span> <span class='ocrx_word' id='word_1_310' title='bbox 740 3888 836 3939; x_wconf 69' lang='lat' dir='ltr'><strong>uertet</strong></span> <span class='ocrx_word' id='word_1_311' title='bbox 850 3896 919 3945; x_wconf 74' lang='lat' dir='ltr'><strong>team</strong></span> <span class='ocrx_word' id='word_1_312' title='bbox 925 3886 1016 3943; x_wconf 75' lang='lat' dir='ltr'><strong>tusses.</strong></span> <span class='ocrx_word' id='word_1_313' title='bbox 1042 3888 1095 3942; x_wconf 75' lang='lat' dir='ltr'><strong>tuot</strong></span> <span class='ocrx_word' id='word_1_314' title='bbox 1105 3891 1165 3946; x_wconf 60' lang='lat' dir='ltr'><strong>beu.</strong></span> 
     </span>
     <span class='ocr_line' id='line_1_41' title="bbox 113 3968 646 4027; baseline -0.009 -12"><span class='ocrx_word' id='word_1_315' title='bbox 113 3971 172 4027; x_wconf 66' lang='lat' dir='ltr'><strong>{piet</strong></span> <span class='ocrx_word' id='word_1_316' title='bbox 189 3971 214 4015; x_wconf 78' lang='lat' dir='ltr'><strong>id</strong></span> <span class='ocrx_word' id='word_1_317' title='bbox 227 3971 289 4020; x_wconf 66' lang='lat' dir='ltr'><strong>metit</strong></span> <span class='ocrx_word' id='word_1_318' title='bbox 305 3972 357 4019; x_wconf 70' lang='lat' dir='ltr'><strong>initu</strong></span> <span class='ocrx_word' id='word_1_319' title='bbox 373 3969 488 4019; x_wconf 64' lang='lat' dir='ltr'><strong>{run-sunit</strong></span> <span class='ocrx_word' id='word_1_320' title='bbox 502 3977 528 4018; x_wconf 75' lang='grc' dir='ltr'><strong>ιιι</strong></span> <span class='ocrx_word' id='word_1_321' title='bbox 543 3968 646 4017; x_wconf 77' lang='lat' dir='ltr'><strong>isttmen.</strong></span> 
     </span>
    </p>
   </div>
   <div class='ocr_carea' id='block_1_5' title="bbox 199 4002 991 4127">
    <p class='ocr_par' dir='ltr' id='par_1_9' title="bbox 199 4002 991 4127">
     <span class='ocr_line' id='line_1_42' title="bbox 199 4002 991 4127; baseline -0.014 -14"><span class='ocrx_word' id='word_1_322' title='bbox 199 4048 267 4127; x_wconf 76' lang='lat' dir='ltr'><strong>eu.</strong></span> <span class='ocrx_word' id='word_1_323' title='bbox 288 4041 332 4111; x_wconf 84' lang='lat'><strong>11.</strong></span> <span class='ocrx_word' id='word_1_324' title='bbox 948 4041 967 4102; x_wconf 78' lang='lat' dir='ltr'><strong>s</strong></span> <span class='ocrx_word' id='word_1_325' title='bbox 987 4002 991 4009; x_wconf 72' lang='grc'><strong>’</strong></span> 
     </span>
    </p>
   </div>
   <div class='ocr_carea' id='block_1_6' title="bbox 0 0 1303 4724">
    <p class='ocr_par' dir='ltr' id='par_1_10' title="bbox 0 0 1303 4724">
     <span class='ocr_line' id='line_1_43' title="bbox 0 0 1303 4724; baseline 0 0"><span class='ocrx_word' id='word_1_326' title='bbox 0 0 1303 4724; x_wconf 95' lang='lat' dir='ltr'><strong> </strong></span> 
     </span>
    </p>
   </div>
  </div>
 </body>
</html>
