2574 4724
118 332 186 406 ³⁶61
594 338 683 408 1523.¹

117 492 188 556 Dei
220 493 272 552 Τιι
288 502 385 550 antem
401 492 459 550 nisi
475 501 557 566 lotus
573 495 682 552 arseris
699 492 866 582 perignem
883 492 965 549 illum
981 492 1164 563 maximam,

117 584 169 657 qui
191 595 309 640 montes
333 584 451 653 exurit,
477 585 666 675 imprecabor
688 584 740 640 tibi
766 593 864 652 certe,
888 593 922 639 ut
944 585 1093 640 uxorcula
1116 593 1167 641 tn·

117 686 221 746 purum
237 684 267 729 te
283 686 378 744 amet,
396 683 429 728 ut
445 675 540 744 scius,
558 669 668 747 quanto
683 658 818 747 periculo
835 673 885 728 tibi
903 684 1041 753 constare
1059 672 1169 730 debeat

116 762 168 818 llic
185 763 281 818 ludus.
316 763 399 818 Lude
420 765 511 834 ergo,
537 773 568 820 et
591 763 670 821 serio
686 762 772 830 lude,
797 779 865 818 narn
882 771 996 833 spectat
1019 770 1050 817 et
1065 778 1164 830 uxor,

117 852 203 922 eujus
220 852 367 908 caleulum
384 864 415 907 ιιι
432 852 561 922 videris,
578 852 679 929 quanti
697 853 794 927 faeere
807 858 841 906 te
859 852 962 906 deceat
976 851 1077 924 primo
1094 866 1167 929 eon.

111 939 187 1011 jugii
205 957 301 1010 enno,
318 941 375 998 nisi
393 940 521 1015 etimne
538 940 635 1012 ignem
650 958 712 997 non
728 941 831 997 sentis.

183 1093 275 1170 Quod
295 1104 393 1171 nutem
418 1096 482 1167 ipse
498 1112 559 1151 nou
576 1095 763 1166 respondeo,
777 1093 915 1169 primum
935 1109 1082 1179 1ειιῠοιιιιιι
1105 1105 1165 1162 est,

117 1185 288 1257 quodnibil
304 1185 405 1254 affert,
422 1186 505 1257 quod
519 1202 581 1264 uon
598 1185 638 1240 sit
654 1196 738 1240 antea
752 1201 814 1239 non
825 1200 887 1240 uno
904 1183 981 1239 libro
998 1200 1015 1237 u
1031 1179 1081 1239 ine
1094 1200 1167 1239 oon.

117 1277 259 1343 furatum,
275 1265 389 1330 victum
406 1285 493 1346 etque
510 1275 732 1346 triumphatum.
766 1275 865 1330 'sams
886 1274 965 1330 enim
981 1272 1077 1329 Faber
1091 1273 1166 1329 nihil

117 1375 163 1422 est
178 1365 237 1420 uisi
260 1365 378 1437 petrea,
405 1373 525 1436 putres,
549 1375 664 1436 putres,
688 1365 829 1433 eoncilia,
854 1362 997 1432 eoncilia,
1022 1363 1164 1432 eoncilia,

116 1472 192 1527 quae
208 1454 308 1511 fabule
317 1453 494 1526 iamdudum
509 1453 582 1511 mihi
598 1454 691 1518 surdo
707 1440 828 1527 etiamn
842 1452 954 1520 nostris
966 1452 1166 1525 Lipsensibus

116 1545 323 1616 theologietis,
341 1544 402 1600 imo
419 1543 507 1599 asinis
525 1538 685 1599 deruditur.
718 1544 838 1599 Deinde
851 1543 932 1615 quod
946 1552 1024 1597 tanta
1036 1542 1163 1598 colluvie

115 1645 162 1691 tot
177 1635 326 1689 dictorum
332 1673 342 1701 ,
365 1632 402 1688 ab
417 1633 591 1689 hominibus
615 1644 799 1689 sumturum.
824 1651 885 1688 non
902 1633 1037 1688 videatur
1051 1631 1162 1704 Papam

115 1740 151 1780 ec
167 1728 295 1797 papistus
313 1723 443 1780 voluisse
461 1722 639 1792 defendere,
657 1722 883 1777 uutLulberum
901 1721 1094 1792 impugnare,
1111 1720 1161 1777 sed

87 1834 88 1838 ¹
116 1825 284 1884 ostentare,
301 1829 369 1869 sese
384 1812 497 1869 multos
512 1812 604 1868 libros
621 1813 750 1881 vidisse,
769 1828 857 1884 quum
869 1811 991 1881 gloriam
1003 1811 1090 1882 plane
1105 1827 1164 1867 nou

19 1948 22 1957 .
115 1904 232 1960 invideo
256 1914 316 1959 tam
331 1903 473 1975 inquieto
497 1902 658 1957 Ardelioni.
699 1901 809 1973 Neque
836 1903 913 1962 enim
937 1901 1011 1957 anibi
1033 1917 1166 1972 unquam

115 2006 255 2065 suscepta
278 2009 367 2049 causa
387 1994 531 2048 adversus
554 1992 740 2048 Romanistas
762 1993 800 2047 de
822 1991 927 2046 libellis
949 1991 1022 2047 visis
1039 1993 1088 2047 vol
1105 2008 1166 2048 non

114 2084 207 2153 visis,
230 2085 313 2148 (num
335 2094 365 2138 et
382 2082 464 2139 cenis
479 2096 566 2139 meus
583 2083 693 2138 multoe
709 2080 803 2138 libros
822 2078 936 2150 videt),
962 2082 1016 2136 sed
1033 2080 1069 2137 de
1087 2081 1167 2137 Scri.

114 2183 202 2246 ptura
217 2189 323 2244 saera,
346 2189 444 2245 neque
467 2173 545 2229 lectu
561 2173 657 2242 bene,
680 2189 779 2245 neque
803 2187 873 2228 sune
891 2172 1047 2228 intellectu.
1080 2171 1166 2228 liano

116 2279 239 2318 caveum
255 2279 324 2318 oum
348 2263 452 2318 illene
477 2263 598 2334 attingat
614 2261 738 2334 quidem
758 2262 789 2318 in
812 2271 872 2317 tun
888 2261 1070 2331 grunditum
1089 2261 1167 2319 libro

115 2353 240 2417 (tannim
257 2353 340 2409 abest
356 2363 389 2408 ut
406 2351 506 2423 eget),
523 2353 594 2423 quid
612 2351 848 2422 responderem?
865 2345 1034 2407 communis
1052 2361 1090 2406 et
1099 2355 1168 2424 per.

115 2453 223 2513 petuus
241 2444 325 2497 furor
342 2443 486 2497 hactenus
503 2442 557 2496 luit
574 2442 707 2498 omnium
724 2442 903 2514 papistarum
922 2442 951 2495 in
968 2458 1015 2495 me
1030 2442 1166 2499 scribeu.

115 2534 205 2597 tium,
229 2541 389 2587 utcontra
414 2529 582 2586 Lutherum
604 2529 736 2585 scribant
759 2544 881 2598 omues,
910 2539 1012 2585 eontra
1037 2529 1166 2588 Lutheri

115 2637 231 2676 causam
250 2620 362 2677 scribat
378 2619 488 2675 nullus.

179 2772 236 2830 Sed
248 2773 361 2845 juvabo
385 2782 416 2830 et
439 2789 495 2843 ego
511 2773 676 2844 gloriosum
701 2773 933 2831 ardeliunoulum
952 2774 1042 2831 istum
1058 2773 1167 2846 (quau.

115 2867 274 2939 doquidem
291 2881 394 2935 magne
411 2879 479 2936 pars
505 2865 533 2919 in
551 2863 687 2920 Luthero
714 2866 963 2920 immortalitatem
988 2865 1088 2919 solum
1110 2881 1165 2921 no.

113 2956 202 3012 minis
212 2949 376 3028 ¹quaerunt)
399 2963 428 3009 et
443 2970 553 3010 nomen
577 2955 642 3024 ejus
660 2955 772 3010 calamo
791 2971 860 3009 meo
881 2954 1052 3010 celebrabo.
1086 2955 1164 3011 Meo

114 3045 312 3117 praejudicio
335 3043 510 3101 utilissimus
527 3042 553 3111 ¹)
578 3045 658 3099 soret
672 3042 723 3101 hie
738 3043 835 3100 Faber
851 3044 1005 3114 Magistro
1029 3045 1166 3102 nostrati.

113 3135 171 3201 bus
185 3136 215 3203 ²)
234 3132 463 3190 Colonieuerbus
472 3174 482 3203 ‚
501 3135 551 3205 qui
570 3134 596 3189 ei
613 3133 710 3189 denuo
727 3133 845 3213 aliquod
862 3135 1032 3211 copulatum
1049 3151 1166 3191 novum

113 3241 276 3295 pangerere
292 3224 420 3293 vellent,
437 3222 519 3279 himo
531 3223 660 3279 Fabrum
676 3223 889 3282 conducerent.
920 3224 1009 3280 Certe
1021 3225 1051 3279 in
1064 3225 1121 3279 hae
1134 3241 1166 3280 re

113 3315 193 3383 tenid
210 3315 259 3369 tuli
276 3313 450 3387 praesertim
467 3313 532 3368 viro
548 3330 611 3368 uon
626 3313 722 3369 tenuis
740 3323 875 3382 surgeret
892 3313 1001 3390 gloria,
1025 3324 1089 3369 ιιιιιι
1108 3314 1166 3371 illis

113 3422 175 3468 non
191 3407 266 3460 male
284 3413 366 3460 esset
382 3403 570 3471 consultum,
594 3413 655 3458 tam
677 3402 805 3473 diligenti
831 3403 946 3458 scilieet
968 3404 1166 3474 compilatore

113 3507 143 3553 et
159 3495 342 3566 copulatore.
374 3492 442 3550 Neo
458 3493 564 3560 video,
582 3493 607 3549 si
632 3493 663 3547 in
686 3507 755 3547 eum
778 3507 866 3548 usum
881 3509 943 3546 non
965 3491 1084 3548 locetur
1099 3493 1162 3549 hoo

112 3584 279 3657 ingenium,
295 3598 353 3655 qua
370 3581 482 3649 ratione
498 3591 559 3636 tam
574 3580 700 3636 ardentis
718 3580 781 3637 voti
794 3580 839 3635 sui
856 3580 886 3636 in
897 3579 1022 3651 glorium
1041 3581 1165 3637 immor.

112 3674 202 3730 telem
219 3688 345 3745 compos
362 3671 425 3727 lieri
442 3669 555 3744 possit,
580 3685 650 3725 oum
668 3669 806 3741 intelligat
821 3670 912 3743 nihil,
932 3679 962 3726 et
978 3670 1062 3727 laeile
1079 3689 1165 3730 coru.

113 3764 185 3836 pilet
201 3763 309 3820 omnin.

113 3900 636 3931 ..ο-...Μ

161 4013 185 4064 ι)
198 4008 292 4059 aurit.
309 4009 376 4061 tntu
390 3966 537 4068 umescant
549 4005 687 4057 altissimus.
732 4007 759 4071 2)
773 4005 868 4056 nur-il.
883 4007 1038 4060 nexualibus.
1053 4011 1093 4080 (lp
