2574 4724
1055 319 1118 390 33ss

109 473 185 537 ,Suo
202 473 237 530 in
252 473 392 533 Domino
412 476 551 552 ,Georpio
569 475 740 550 Spoletina
748 517 759 546 ,
777 472 898 534 christi·
913 491 1014 533 servo.
1038 475 1066 545 ¹)

67 623 183 724 Gratia
200 681 230 726 ct
246 688 314 744 pax.
349 672 426 727 lllud
444 673 557 728 oseae:
574 672 718 747 Sanquis
728 673 918 748 sanquinem
934 672 1053 746 tetiqa't,
1070 672 1117 726 sio

70 760 217 830 intelligo,
243 763 325 833 quod
349 762 508 818 homicidia
529 763 699 841 crebuerint
723 774 752 818 ct
773 767 913 819 continuo
939 778 1041 818 secuta
1059 762 1116 817 sibi

70 852 149 915 sint,
165 864 198 904 ιιι
214 852 346 904 nondum
363 867 423 905 uno
442 852 541 923 sopito
558 850 610 905 alia
628 842 862 924 supervenerint.
896 851 951 911 bill
968 851 1051 912 utin
1067 850 1120 917 auf

70 937 120 1008 ita
133 940 242 997 onitin.
273 939 507 1002 Proverbialiter
517 940 597 996 enirn
609 941 714 996 dicitur
724 940 864 996 diluvium
876 938 1119 1011 homicidiorum,

70 1028 252 1098 significante
270 1046 338 1084 usu.
1086 1099 1090 1103 ¹

136 1117 290 1174 Melchior
312 1119 443 1176 Miriacb
459 1117 486 1188 ¹)
513 1119 723 1192 Magdeburgic
747 1130 793 1178 eet
823 1121 1015 1181 concionator
1041 1121 1118 1202 apati

70 1208 304 1278 Augustinianos
328 1210 376 1265 vel
393 1210 480 1267 etiam
495 1210 601 1282 Prior,
625 1223 657 1268 ut
673 1211 774 1268 audio:
797 1212 885 1268 Deus
907 1211 1021 1282 mitiget
1041 1211 1118 1267 haec
1188 1235 1194 1241 ·

72 1298 223 1367 monstra,
242 1301 347 1355 Arnen.

140 1388 256 1444 Rursus
272 1401 301 1444 et
311 1401 341 1445 tu
352 1381 439 1446 nobis
451 1389 630 1448 Germanica
646 1393 790 1449 ministre.
806 1390 839 1461 ²)
873 1392 968 1450 Genu.
983 1391 1026 1450 L:
1043 1393 1119 1457 Cre·

72 1477 140 1533 avit
154 1477 310 1533 hominem
325 1479 372 1534 od
385 1479 557 1554 irnaqinem
573 1487 603 1536 et
618 1459 858 1538 simiiitudinem
874 1482 953 1552 Dei,
970 1482 1118 1557 Hebraico

73 1567 137 1622 sic:
160 1568 280 1622 creavit
294 1567 329 1624 in
345 1569 501 1642 imaqine,
523 1586 579 1626 sen
594 1570 629 1626 in
648 1570 888 1627 similitudinem
904 1571 986 1627 Dei:
1009 1588 1119 1629 sensae

70 1673 145 1710 vero
169 1669 214 1712 est
237 1659 390 1729 proprior,
417 1660 568 1714 hominem
590 1675 656 1715 esse
680 1661 791 1721 lactum
815 1661 969 1729 imaginem
992 1662 1120 1719 similem

70 1744 153 1805 Deo.
179 1746 254 1811 ¹lloc
270 1756 303 1801 tu
319 1747 407 1802 nobis
420 1748 501 1803 trade
513 1749 681 1804 vernacule.
716 1749 833 1804 Rursus
848 1749 876 1804 in
892 1748 929 1804 V.
942 1752 1035 1822 capite
1053 1766 1122 1805 ver.

71 1833 114 1890 sis
131 1833 230 1890 verbis
244 1835 288 1889 sic
300 1835 422 1890 dicitur:
439 1835 549 1891 Adam
559 1836 670 1908 qenait
686 1836 720 1890 in
731 1835 939 1893 similitudine
948 1838 1121 1893 secundum

72 1923 374 1997 imaqinemnacm:
391 1935 491 2000 tamen
506 1924 584 1979 idem
601 1941 709 1981 sensus
726 1935 781 1982 est.
815 1925 919 1993 (ὶειιεἸ
932 1925 1005 1984 lll.:
1024 1927 1121 1983 Mul.

73 2012 222 2086 tiplicabo
239 2029 415 2067 aerzemnos
440 2020 470 2066 et
486 2021 652 2086 conceptus
674 2021 764 2069 tuos:
785 2030 894 2071 sensus
918 2024 978 2083 est,
1004 2016 1121 2073 mulieri

73 2104 180 2159 multas
206 2103 358 2157 molestias
381 2102 492 2173 imponi
517 2102 547 2157 in
563 2104 686 2158 ferendo
710 2113 796 2158 utero
817 2113 846 2158 et
861 2105 961 2172 foetu,
986 2105 1062 2160 sicut
1078 2105 1121 2160 fit.

73 2192 147 2249 Non
164 2194 243 2248 enim
260 2190 296 2251 dc
313 2191 513 2262 concipiendi,
531 2192 585 2247 sed
602 2193 637 2247 de
656 2194 791 2265 concepti
807 2193 917 2249 ferendi
932 2196 1028 2251 foetus
1046 2195 1122 2267 peri.

74 2284 150 2336 culis
168 2292 199 2337 et
214 2282 298 2337 malis
323 2281 427 2337 sentit:
453 2281 500 2336 dic
516 2297 606 2351 ergo,
629 2281 699 2354 quid
715 2282 764 2338 hic
782 2293 947 2355 conceptus
963 2287 1122 2341 vernacula

72 2373 129 2444 sit,
149 2389 215 2426 nam
232 2388 386 2427 aerumnas
404 2369 567 2439 habemus,
585 2371 678 2442 capite
696 2370 746 2428 IV.
838 2440 841 2445 y

109 2478 115 2486 ·
138 2462 308 2516 Faciamus
324 2461 353 2516 ei
369 2461 568 2530 adjutoriam
582 2477 693 2516 coram
703 2478 756 2515 eo.-
773 2477 879 2538 sensus
893 2471 956 2530 est,
972 2473 1004 2518 ut
1017 2465 1120 2538 mulie.

71 2568 136 2606 rem
149 2553 191 2605 sic
202 2552 266 2606 viro
278 2552 419 2607 sociatam
435 2553 522 2619 velit,
538 2565 571 2606 ut
585 2569 676 2608 verso
693 2553 775 2636 vulta
792 2554 826 2606 ad
844 2553 957 2622 virum,
975 2566 1005 2610 et
1021 2557 1066 2612 vir
1082 2558 1119 2611 ad

72 2641 225 2695 mullerem
243 2652 452 2710 conversetur,
470 2642 567 2712 aitque
580 2657 681 2695 coram
695 2643 789 2696 oculis
802 2643 866 2712 ejus
885 2646 978 2714 posita
995 2663 1049 2716 pro
1061 2663 1116 2702 suo

71 2731 165 2785 libitu.
199 2731 290 2784 Simul
307 2731 414 2785 indicat
436 2730 565 2786 hominis
584 2731 777 2788 concubitum
798 2736 892 2788 versis
910 2735 1037 2793 vultibus
1055 2738 1118 2792 lieri

70 2840 126 2892 pro
146 2822 227 2874 foetu
244 2820 451 2891 suscipiendo,
477 2837 537 2891 quo
555 2821 708 2875 mulierem
726 2821 762 2875 ab
788 2823 852 2878 aliis
869 2824 1040 2881 animalibus
1059 2828 1117 2892 dis.

70 2913 190 2980 tinguit,
209 2912 285 2966 inter
302 2928 378 2983 quae
397 2911 491 2964 Adam
506 2929 567 2965 non
585 2911 748 2966 inveniebat
764 2914 818 2967 lale
836 2914 1013 2985 adjutorium
1028 2936 1116 2986 gene.

68 3002 187 3055 rationis
213 3012 269 3055 etc.
312 2999 402 3067 Nos,
428 2999 509 3058 nelca
533 2999 605 3066 ibini
630 2998 675 3066 tllt
697 3000 763 3067 liat
789 3005 848 3063 inl
865 3005 931 3070 t'bltt
957 3005 1115 3073 finximus,
1216 3021 1218 3025 ’

70 3105 99 3148 et
115 3091 228 3145 nullum
246 3090 396 3144 satisfacit.

132 3182 198 3251 Ego
215 3182 271 3236 hac
288 3172 757 3237 hebdomadaDeuteronomium
773 3182 944 3252 absolvam,
964 3184 1066 3254 etjam
1085 3187 1114 3242 in

70 3271 313 3341 recognoscendo
330 3286 454 3337 sumus,
472 3280 504 3324 ut
520 3269 649 3325 tradatur
666 3271 754 3343 typis.
787 3271 859 3327 Vale
883 3284 912 3327 et
929 3273 1032 3345 adjuva
1048 3293 1113 3331 nos.

66 3361 290 3431 Witcmbergae
299 3402 309 3430 ,
329 3377 404 3416 anno
421 3358 605 3415 MDxxnl.

650 3466 734 3524 Tuus
752 3467 900 3524 Martinus
918 3469 1077 3527 Lutherns.

115 3763 136 3810 l)
151 3759 212 3810 llum
227 3760 286 3805 Cod.
299 3759 352 3806 Jen.
402 3761 425 3810 2)
441 3759 498 3804 Cod.
513 3759 566 3804 Jen.
581 3761 696 3805 monstra.
730 3786 733 3791 ·

68 3899 294 3918 ἠ

115 3997 139 4051 ‘l
158 3997 214 4051 mat,
228 3997 272 4047 fut.
286 3998 352 4046 tati.
367 3987 471 4049 butant.
496 3995 540 4043 lt'o.
556 3994 702 4042 cccclxv.
