2574 4724
120 333 124 340 -
190 289 252 360 tta
484 376 486 381 ¹
667 289 759 363 tart.

149 477 150 480 ¹
189 449 317 510 cabitur
341 453 376 509 in
394 468 495 528 reqno
517 453 685 509 coelorum.
721 453 799 528 Quia
816 451 897 526 Papa
913 461 944 510 et
960 451 1087 511 concilia
1105 453 1136 510 in
1155 453 1248 512 rebus

188 542 389 614 spiritualibus
406 543 478 596 nihil
494 540 607 598 habeut
618 543 718 613 juris,
734 543 790 598 nisi
804 559 854 598 eas
866 543 1056 614 perverbum
1069 544 1247 600 annuntiare

143 652 147 660 ·
188 633 262 687 aliia.
296 631 377 686 Alias
402 631 493 686 habet
513 631 634 705 quilibet
651 648 727 701 puer
748 634 776 687 in
793 632 877 688 cunis
897 633 1004 702 jacens
1021 643 1137 689 tantam
1164 645 1247 704 pote.

187 731 294 777 statem
311 721 342 775 in
359 719 495 792 Christo,
513 721 587 790 lide,
605 721 726 794 spiritu,
742 733 773 777 et
789 722 927 777 omnibus
944 722 1007 777 aliis
1024 722 1117 777 rebus
1134 721 1246 778 Eccle-

185 811 257 878 siae,
276 813 451 881 quantam1>
466 811 529 882 ipse
542 820 662 867 sanctus
676 810 781 867 Petrus
794 821 824 866 et
835 802 940 877 omnes
952 811 1104 880 Apostoli.
1133 813 1244 868 Sumus

185 899 265 954 enim
282 901 310 955 iu
324 901 446 956 Christo
460 916 565 957 omnes
578 902 700 969 iratres,
718 916 823 956 omnes
835 917 941 973 pares,
957 900 1103 956 habentes
1116 903 1243 957 eandem

184 989 291 1059 iidem,
317 991 468 1062 spiritum,
493 991 603 1060 vitam,
629 991 754 1046 salutem
781 1000 812 1045 et
827 989 949 1058 Deum,
972 991 1029 1046 uisi
1054 992 1141 1061 quod
1168 992 1241 1048 loris

184 1079 258 1135 alius
277 1080 313 1135 dc
330 1081 379 1136 his
397 1080 489 1135 rebus
506 1079 597 1135 docet
613 1081 707 1136 aliter.

437 1187 668 1270 QUARTUS
700 1194 987 1252 ARTICULUS.

248 1300 297 1356 An
310 1299 394 1373 Papa
418 1300 568 1370 legitimos
593 1301 736 1382 conjuge?
757 1300 871 1374 absque
888 1316 926 1356 eo
943 1300 1027 1375 quod
1041 1301 1118 1357 alter
1134 1317 1237 1385 eorum

183 1388 356 1466 adulterium
374 1389 578 1459 commiserit,
606 1391 765 1447 divortiare
783 1403 901 1450 etcum
918 1399 1047 1463 utroque
1065 1391 1237 1466 dispensare

181 1477 308 1547 habeat,
326 1488 358 1533 ut
375 1479 410 1534 ad
427 1479 561 1535 secunda·
572 1488 642 1536 vota
658 1496 828 1537 convocare
844 1481 979 1555 possint?

247 1585 449 1657 Respondes,
466 1603 537 1641 non.
563 1586 642 1662 Quia
653 1585 765 1643 Paulus
778 1588 864 1644 dicit:
884 1589 961 1644 Non
970 1582 1145 1660 possumus
1157 1587 1237 1644 enim

182 1675 310 1751 aliquid
324 1683 440 1730 contra
456 1677 562 1732 Deum
579 1686 638 1733 etc.
656 1687 685 1731 et
703 1678 826 1733 iterum:
849 1677 949 1734 Dedit
965 1676 1055 1734 nodis
1072 1678 1168 1735 Deus
1181 1695 1237 1752 po-

80 1829 84 1846 ι
181 1771 328 1821 testatam
343 1781 409 1820 non
425 1765 461 1820 in
478 1753 739 1835 destructionem,
756 1766 859 1821 sedin
871 1767 1137 1841 aedificationem.
1167 1769 1237 1824 Ver.

180 1853 256 1912 bum
270 1855 332 1911 Dei
349 1854 431 1928 Papa
446 1866 595 1922 metuere,
611 1855 780 1926 praedicare
799 1866 829 1911 et
846 1857 964 1916 {iuuare
981 1855 1086 1926 debet,
1102 1875 1167 1913 non
1180 1858 1238 1915 sol.

180 1958 254 2000 vere
276 1954 326 2001 aut
349 1934 472 2002 mutare.
506 1944 598 2016 Igitur
620 1954 678 2001 stat
700 1945 826 2001 verbum
844 1945 920 2002 Dei:
950 1947 1037 2023 Quos
1052 1945 1147 2004 Deus
1163 1965 1237 2005 com

171 2036 308 2107 Junxit,
332 2033 426 2090 bomo
442 2051 508 2091 non
524 2042 662 2108 separet.
695 2035 725 2090 Si
743 2044 840 2090 autem
857 2035 945 2108 aliqui
963 2038 1131 2095 secundum
1150 2040 1239 2095 iatum

181 2138 286 2182 susum
297 2141 353 2196 per
364 2124 477 2196 Papam
494 2124 620 2197 separati
638 2133 724 2194 aunt,
742 2133 772 2180 et
789 2125 861 2182 aliua
879 2125 925 2180 alii
943 2127 1239 2196 nupserit,.adulteri

180 2210 268 2284 aunt,
292 2231 349 2269 nec
373 2214 528 2271 excusabit
551 2229 605 2272 eos
621 2213 721 2295 Papae
745 2232 845 2284 error,
870 2216 938 2289 quia
960 2216 1089 2287 =uerbum
1106 2217 1171 2275 Dei
1189 2219 1241 2276 dc.

180 2301 252 2358 bent
268 2319 374 2360 omnes
391 2319 494 2360 nosse.
590 2364 593 2370 ,
671 2303 672 2306 ’

438 2417 656 2492 QUINTUS
690 2416 978 2475 ARTICULUS.

247 2528 296 2576 An
313 2521 394 2594 Papa
410 2524 633 2579 matrimonium
653 2524 729 2578 inter
750 2534 872 2594 agnatos
895 2534 925 2581 et
947 2533 1109 2596 cognatos,
1135 2526 1239 2584 affines

125 2659 128 2663 .
180 2611 229 2668 vel
247 2614 423 2682 cognatione
440 2613 580 2683 spirituaii
601 2614 779 2683 conjunctos
803 2602 1006 2683 contractum,
1032 2624 1152 2688 practer
1175 2634 1241 2686 gra.

181 2703 252 2770 dus,
271 2702 321 2773 qui
339 2704 402 2771 lege
414 2701 474 2757 Dei
491 2701 634 2774 prohibiti
646 2713 732 2774 suut,
748 2704 862 2776 absque
875 2715 1071 2778 utrorumque
1083 2721 1238 2762 consensu

179 2793 230 2846 vel
248 2793 398 2847 voluntate
417 2791 584 2848 discindere
604 2793 830 2849 veldissolvere
842 2796 951 2866 possit:
970 2794 1009 2849 ita
1021 2796 1103 2868 quod
1115 2797 1237 2871 utrique

138 2932 141 2936 .
181 2882 302 2939 demum
318 2882 431 2936 nubere
450 2883 497 2938 vel
514 2884 734 2940 matrimonium
751 2885 928 2940 contrahere
944 2885 1053 2940 liceat?

248 2979 478 3050 Responderur,
502 2995 572 3034 non.
608 2979 686 3056 Quia
703 2983 773 3038 satis
791 2983 902 3038 dictum
920 2994 968 3053 et,
991 3003 1007 3040 a
1025 2985 1104 3057 Papa
1121 2995 1152 3042 et
1170 3003 1235 3042 om.

179 3070 268 3125 nibus
286 3069 429 3124 ministris
447 3068 531 3124 verbi
549 3069 577 3124 in
594 3070 730 3127 Ecclesia
754 3072 824 3126 nihil
844 3090 971 3144 prorsus
988 3074 1097 3130 debere
1114 3078 1235 3132 tractari

179 3159 238 3214 uisi
255 3153 395 3230 mysterii
410 3158 489 3224 Dei,
513 3160 639 3216 verbum
657 3160 749 3231 vitae,
774 3162 940 3219 doctrinam
958 3164 1041 3234 fidei,
1067 3182 1125 3220 nec
1149 3168 1236 3238 quic.

178 3265 269 3322 quam
280 3249 342 3318 geri
360 3248 525 3306 secuudum
537 3249 689 3306 arbitrium
701 3251 925 3328 cujuscunque,
938 3254 1009 3309 citra
1021 3254 1147 3310 verbum
1159 3255 1233 3312 Dei.

178 3339 336 3409 Subjectus
354 3349 400 3394 est
416 3339 495 3394 euim
513 3339 583 3394 Deo
606 3350 635 3395 et
657 3341 752 3397 verbo
777 3343 861 3412 ejus,
885 3341 957 3399 licet
981 3360 1038 3399 usu
1055 3345 1233 3415 jamdudum

179 3444 249 3484 sesa
276 3428 415 3484 extulerit
440 3444 531 3500 super
557 3445 678 3487 omnem
702 3432 822 3501 Deum,
850 3433 901 3505 qui
930 3433 1037 3488 dicitur
1064 3444 1094 3488 et
1121 3437 1232 3494 colitur

177 3518 221 3587 (2.
230 3517 343 3575 Thess.
358 3517 425 3586 tt),
443 3528 473 3573 et
490 3520 587 3574 omnia
605 3520 691 3575 iaciat
708 3529 810 3577 contra
827 3531 857 3578 ct
871 3535 958 3596 supra
969 3539 999 3579 at
1019 3524 1091 3580 citra
1103 3526 1231 3584 verbum

177 3604 249 3664 Dei.
283 3607 381 3664 Dalae
398 3607 625 3679 Witenbergae‚
643 3627 719 3666 auno
737 3611 918 3668 MDxxtv.
972 3653 976 3661 .

501 3715 538 3773 V.
556 3716 590 3772 C.
601 3715 806 3775 'deditissimus

864 3796 1013 3858 Martinus
1032 3798 1195 3860 lutherus.

225 3970 354 4024 lituris.
368 3974 488 4033 tamtan.
546 3969 548 3972 ⁴
