2574 4724
607 286 695 384 assa.
807 311 813 326 ’
1114 316 1173 379 asa

186 469 258 526 Jam
274 471 356 544 quod
374 471 539 542 periculum
557 473 675 529 divortii
694 474 825 530 cattsaris
844 475 872 530 in
891 475 948 530 isto
966 490 1047 529 novo
1066 473 1170 544 conju.

116 560 190 630 gio,
215 561 242 616 si
265 562 462 632 pertaednerit
485 564 639 617 molestiae
659 565 800 631 uxoriae,
819 566 842 630 ¹)
869 565 996 619 arbitror
1019 574 1047 619 et
1072 564 1172 635 ipsum

116 666 184 704 non
201 667 240 706 ex
257 651 355 706 animo
372 667 388 704 a
405 664 434 705 te
453 652 521 708 dici.
556 652 637 726 Quid
661 653 739 708 enim
761 654 824 708 hoc
841 655 875 707 ad
893 654 1044 709 doctrinae
1062 653 1171 724 parite.

118 749 201 807 tem,
218 740 245 806 ἲ)
262 741 344 811 quod
360 740 428 794 mali
445 742 521 795 male
539 745 677 797 utamtur?
710 742 777 796 b'os
796 758 812 796 a
828 743 916 797 vobis
933 759 993 797 non
1011 742 1170 811 exigimus,

118 840 154 885 ut
173 831 309 902 conjugia
327 832 483 902 praestetis
501 833 639 887 omnibus
656 830 681 898 ³)
699 833 846 888 molestiis
863 833 972 901 libera,
991 834 1044 888 sed
1059 843 1172 887 tantum

118 937 160 976 ne
179 921 344 976 doctrinam
362 932 392 976 et
409 924 544 994 exempla
563 924 698 992 ejusdem
714 916 744 990 ⁴)
762 923 916 978 damnetis.
949 921 1117 995 Eripostula
1139 932 1172 977 tu

119 1027 195 1066 cum
210 1012 297 1079 Deo,
322 1012 372 1083 qui
396 1012 463 1066 talia
480 1013 641 1085 praecipit,
667 1028 742 1084 quae
761 1030 815 1084 per
830 1013 986 1067 hominum
1004 1013 1183 1071 inconstane

117 1101 194 1157 tiam
210 1101 287 1155 male
305 1113 470 1156 servantur.
487 1095 517 1169 ⁵)
545 1103 613 1158 Nos
631 1103 704 1156 nihil
722 1103 758 1156 de
776 1102 966 1158 sacerdotum
984 1102 1131 1173 conjugiis
1146 1095 1173 1170 6)

119 1189 344 1263 promittimus,
366 1191 424 1245 nisi
449 1192 529 1262 quod
552 1192 706 1246 autoritate
723 1192 784 1246 Dei
801 1192 889 1246 liceat
912 1192 1085 1247 sacerdotes
1104 1206 1185 1246 esse·

119 1281 280 1349 conjuges.
312 1281 383 1334 Jam
395 1273 424 1347 7)
439 1280 633 1351 I'raepositus
646 1280 878 1349 Kembergensia
893 1280 940 1335 vir
954 1290 1017 1348 est,
1036 1281 1065 1334 in
1078 1273 1174 1351 quo⁸)

119 1367 320 1447 uibilpossis¹
333 1385 395 1422 uon
411 1369 545 1438 laudare,
563 1378 675 1424 tantum
693 1369 794 1436 abest,
812 1381 843 1423 ut
860 1369 987 1425 levitatis
1005 1370 1086 1439 argui
1103 1385 1174 1441 pos.

120 1457 180 1524 sit,
208 1457 264 1511 nisi
282 1459 360 1513 forte
385 1458 452 1512 ideo
477 1458 559 1513 leves
585 1471 686 1524 errant,
713 1458 781 1530 quia
804 1469 835 1513 tu
858 1460 966 1514 metuis
990 1460 1073 1515 leves
1098 1460 1174 1514 fore.

121 1551 166 1603 At
183 1548 219 1601 ad
235 1559 349 1604 metum
366 1559 465 1615 tuum,
484 1549 531 1602 vel
551 1564 636 1619 spem
653 1559 786 1603 nostram
798 1548 872 1603 nihil
884 1549 1036 1621 sequitur,
1053 1549 1102 1604 vel
1115 1566 1186 1623 non

122 1638 280 1710 sequitur,
307 1639 336 1693 in
354 1639 440 1693 lactis
458 1639 630 1707 hominurn,
656 1641 766 1694 nedum
784 1640 813 1693 in
830 1640 930 1695 verbis
946 1640 1018 1695 Dei.
1052 1639 1175 1710 Alioqui

122 1728 201 1783 nihil
218 1728 386 1783 divinorum
404 1740 631 1800 praeceptorum
648 1746 704 1784 nos
722 1729 773 1784 hic
790 1739 888 1783 metus
907 1730 984 1785 sinet
1001 1740 1124 1784 tentare.

190 1818 299 1885 Vides,
316 1818 357 1871 mi
374 1817 508 1887 Fabrici,
527 1819 643 1889 quantis
661 1819 841 1889 argumentis
859 1836 914 1888 ego
932 1835 1042 1886 vexer,
1059 1837 1101 1873 ne
1112 1837 1177 1873 cre.

124 1907 195 1961 dam
213 1906 395 1963 cardinalem
420 1917 503 1960 tutun
527 1923 566 1961 ex
588 1907 684 1961 animo
701 1901 727 1974 ⁹)
745 1907 889 1961 scribere.
923 1907 1027 1963 Taceo
1049 1908 1178 1979 denique

124 1996 201 2052 illud
217 1982 377 2067 tyrannidis
401 1996 543 2063 eximiae,
568 2014 625 2067 qua
643 1998 791 2051 Andreann
810 1997 1036 2065 Cattgistorlium
1052 1997 1177 2067 Magde.

124 2087 309 2157 burgensem
326 2098 467 2157 suggestu
485 2097 649 2141 aurulenta
666 2085 824 2154 ignominia
840 2085 1003 2153 submovit,
1015 2088 1049 2152 ¹⁰)
1067 2087 1177 2155 vinam,

126 2177 179 2232 cui
196 2177 250 2232 vix
269 2177 397 2230 similem
421 2176 478 2230 sub
502 2191 554 2229 sua
580 2174 690 2230 ditione
714 2186 783 2228 tuus
805 2174 895 2229 habet
918 2174 1096 2243 Cardinalis,
1120 2194 1178 2232 nec

125 2283 186 2323 vos
204 2268 239 2333 11)
257 2266 354 2320 adhuc
372 2266 457 2321 istius
476 2265 618 2336 poenitet.

195 2355 338 2412 Obsecro
353 2365 400 2424 te,
423 2356 464 2409 mi
482 2356 614 2423 Fabrici,
641 2372 710 2409 eum
727 2354 821 2424 exigis
839 2354 1024 2422 Lutherum,
1041 2365 1074 2410 ut
1090 2355 1126 2422 ¹²)
1144 2355 1179 2410 ad

126 2446 228 2502 omnia
245 2456 344 2500 vestra
362 2445 530 2513 connivent,
549 2447 622 2504 solis
640 2443 675 2512 ιἵ)
692 2445 786 2499 literis
804 2444 1015 2501 blandiusculis
1033 2447 1190 2516 palpatns‚··

126 2553 199 2591 cum
217 2536 276 2590 sint
293 2546 353 2589 tam
372 2536 502 2602 infanda,
521 2552 595 2605 qtrae
608 2552 664 2591 vos
682 2528 889 2604 molimini,¹l)
907 2547 935 2590 et
949 2553 1008 2589 non
1023 2536 1094 2590 estis
1108 2552 1180 2588 con.

126 2625 214 2691 tenti,
225 2625 305 2695 quod
320 2625 408 2695 parati
423 2640 525 2677 suiuus
539 2643 592 2693 per
605 2624 778 2678 charitatem
792 2624 947 2692 ignoscere
960 2636 990 2678 et
1002 2626 1137 2678 tolerare.
1147 2617 1181 2690 ¹⁵)

128 2714 212 2788 Quin
230 2705 263 2779 ²⁶)
288 2714 502 2783 expostulatis,
530 2726 560 2765 ut
584 2711 785 2782 justificemus
811 2729 948 2782 quoque,
975 2714 1035 2767 hoc
1061 2724 1124 2779 est,
1141 2706 1182 2778 ¹⁷)

127 2806 225 2874 ipsam
252 2803 416 2856 doctrinam
445 2802 623 2869 abnegemus
651 2818 705 2870 per
732 2800 922 2870 impietatem.
957 2801 1032 2855 Satis
1059 2813 1088 2855 et
1114 2802 1181 2872 plns

128 2908 222 2962 quarn
245 2891 315 2944 satis
340 2890 458 2943 tentatis
483 2907 548 2955 nte,
576 2890 687 2959 optime
710 2889 844 2956 Fabrici,
870 2902 900 2942 et
923 2906 978 2957 ego
1002 2891 1073 2943 satis
1100 2899 1129 2942 et
1146 2883 1181 2955 18)

129 2983 198 3054 plus
227 2997 315 3051 quam
344 2981 414 3033 satis
444 2979 609 3047 benigniter
637 2979 826 3048 respondeo,
856 2979 960 3033 vobis:
990 2979 1073 3032 vides
1103 2980 1182 3032 enirn

129 3082 241 3142 quanto
251 3063 286 3136 1Ψ)
304 3069 489 3122 acerbiorann
508 3068 736 3138 responsionem
752 3068 937 3136 merueritis,
957 3069 1007 3138 qui
1019 3086 1078 3122 non
1091 3069 1185 3122 inodo

129 3180 193 3216 non
218 3161 332 3227 facitis,
361 3160 441 3229 quod
464 3159 667 3229 postulabam,
700 3158 753 3211 sed
784 3158 903 3212 illuditis
926 3158 965 3222 ²⁰)
998 3168 1026 3211 et
1054 3158 1181 3212 irridetis

128 3252 225 3317 fucis,
257 3250 345 3303 sicuti
369 3249 455 3302 vobis
479 3248 613 3314 videtur,
642 3247 784 3316 egregiis,
813 3247 865 3301 sed
892 3248 970 3301 sicut
996 3265 1050 3316 ego
1076 3249 1182 3314 video,

182 3469 201 3516 1)
216 3465 310 3509 Auris.
326 3465 408 3509 uxoris
424 3463 598 3508 innnodestiae.
637 3465 658 3511 2)
673 3463 770 3508 Viteb.
787 3461 908 3517 pielatem.
935 3464 974 3513 &a
988 3464 1042 3513 uum
1055 3465 1075 3508 lt.
1090 3474 1109 3509 r.
1120 3466 1139 3510 l.
1150 3465 1184 3514 Ξ).

129 3542 152 3589 3)
168 3539 264 3582 Auris.
279 3538 366 3582 omnia.
404 3540 426 3588 ll
447 3536 543 3580 l'iteb.
564 3536 696 3581 doctrinam
711 3537 762 3587 ejus
777 3540 802 3579 et
815 3536 933 3593 exempla.
972 3538 994 3585 5)
1013 3537 1111 3582 Viteb.
1131 3546 1149 3582 t.
1163 3539 1184 3583 l.

131 3611 559 3666 tit.—Exposlul;t....servantur.
604 3611 625 3658 6)
645 3607 741 3651 l'ileb,
761 3607 884 3662 (attilanis.
927 3609 1182 3660 miton-tan.

129 3683 407 3739 lunarii—inquo.
443 3684 463 3731 9)
478 3681 685 3732 l'lteb.†luec.
721 3681 1054 3731 ltllluris.submoverilis.
1086 3685 1186 3734 illua:

131 3760 250 3804 ritnos.
278 3755 483 3811 12)νί[εὸ.(μιί.
512 3754 742 3804 tumultuans.
777 3754 1012 3804 lllllurlluullis.
1040 3758 1072 3803 15)
1089 3755 1184 3800 l’iteb.

131 3829 368 3888 tgnattolpatr.
417 3828 642 3878 tumultuum.
692 3831 723 3878 17)
744 3828 912 3879 «larris.†el.
962 3828 1183 3878 laminii-el.

132 3909 167 3955 19)
183 3904 279 3947 Viteb,
295 3914 313 3948 t.
324 3907 343 3949 t.
354 3905 386 3952 ίῦ.
402 3904 553 3959 respondeo,
568 3914 619 3947 catut
635 3901 713 3957 longe.
753 3904 786 3952 20)
802 3901 899 3947 lfilcb.
914 3902 961 3948 ul.
972 3902 1004 3954 S).
1018 3901 1106 3956 facitis,
1121 3903 1184 3960 quud

132 3977 210 4026 lulius
225 3975 313 4020 luditis.
