<?xml version="1.0" encoding="UTF-8"?>
<!DOCTYPE html PUBLIC "-//W3C//DTD XHTML 1.0 Transitional//EN"
    "http://www.w3.org/TR/xhtml1/DTD/xhtml1-transitional.dtd">
<html xmlns="http://www.w3.org/1999/xhtml" xml:lang="en" lang="en">
 <head>
  <title>
</title>
<meta http-equiv="Content-Type" content="text/html;charset=utf-8" />
  <meta name='ocr-system' content='tesseract 3.04.00' />
  <meta name='ocr-capabilities' content='ocr_page ocr_carea ocr_par ocr_line ocrx_word'/>
</head>
<body>
  <div class='ocr_page' id='page_1' title='image "./briefesendschre03luthgoog/briefesendschre03luthgoog_0025.png"; bbox 0 0 2574 4724; ppageno 0'>
   <div class='ocr_carea' id='block_1_1' title="bbox 130 306 698 379">
    <p class='ocr_par' dir='ltr' id='par_1_1' title="bbox 130 306 698 379">
     <span class='ocr_line' id='line_1_1' title="bbox 130 306 698 379; baseline -0.002 -12"><span class='ocrx_word' id='word_1_1' title='bbox 130 307 151 379; x_wconf 83' lang='lat'><strong>6</strong></span> <span class='ocrx_word' id='word_1_2' title='bbox 607 306 698 371; x_wconf 77' lang='lat'><strong>1621.</strong></span> 
     </span>
    </p>
   </div>
   <div class='ocr_carea' id='block_1_2' title="bbox 59 455 1207 3406">
    <p class='ocr_par' dir='ltr' id='par_1_2' title="bbox 59 455 1207 1434">
     <span class='ocr_line' id='line_1_2' title="bbox 196 455 1173 532; baseline -0.007 -11"><span class='ocrx_word' id='word_1_3' title='bbox 196 463 269 521; x_wconf 83' lang='lat' dir='ltr'><strong>Heri</strong></span> <span class='ocrx_word' id='word_1_4' title='bbox 287 463 360 521; x_wconf 87' lang='lat' dir='ltr'><strong>mihi</strong></span> <span class='ocrx_word' id='word_1_5' title='bbox 385 470 532 521; x_wconf 84' lang='lat' dir='ltr'><strong>narratum</strong></span> <span class='ocrx_word' id='word_1_6' title='bbox 555 471 600 517; x_wconf 85' lang='lat' dir='ltr'><strong>est</strong></span> <span class='ocrx_word' id='word_1_7' title='bbox 614 455 661 532; x_wconf 69' lang='lat'><strong>⁴),</strong></span> <span class='ocrx_word' id='word_1_8' title='bbox 689 459 808 519; x_wconf 85' lang='lat' dir='ltr'><strong>Gotlrae</strong></span> <span class='ocrx_word' id='word_1_9' title='bbox 833 473 898 516; x_wconf 86' lang='lat' dir='ltr'><strong>esse</strong></span> <span class='ocrx_word' id='word_1_10' title='bbox 922 455 999 512; x_wconf 85' lang='lat' dir='ltr'><strong>male</strong></span> <span class='ocrx_word' id='word_1_11' title='bbox 1023 464 1173 527; x_wconf 74' lang='lat' dir='ltr'><strong>acceptus</strong></span> 
     </span>
     <span class='ocr_line' id='line_1_3' title="bbox 131 538 1173 629; baseline -0.006 -20"><span class='ocrx_word' id='word_1_12' title='bbox 131 555 276 629; x_wconf 78' lang='lat' dir='ltr'>quendam</span> <span class='ocrx_word' id='word_1_13' title='bbox 294 555 495 621; x_wconf 70' lang='lat' dir='ltr'><strong>sacerdotem,</strong></span> <span class='ocrx_word' id='word_1_14' title='bbox 514 553 593 624; x_wconf 89' lang='lat' dir='ltr'><strong>quod</strong></span> <span class='ocrx_word' id='word_1_15' title='bbox 612 569 676 618; x_wconf 89' lang='lat' dir='ltr'><strong>res,</strong></span> <span class='ocrx_word' id='word_1_16' title='bbox 694 550 795 607; x_wconf 89' lang='lat' dir='ltr'><strong>nescio</strong></span> <span class='ocrx_word' id='word_1_17' title='bbox 813 565 904 622; x_wconf 84' lang='lat' dir='ltr'><strong>quas,</strong></span> <span class='ocrx_word' id='word_1_18' title='bbox 929 551 1057 603; x_wconf 81' lang='lat' dir='ltr'>emerim</span> <span class='ocrx_word' id='word_1_19' title='bbox 1073 538 1099 613; x_wconf 86' lang='lat'><strong>⁵)</strong></span> <span class='ocrx_word' id='word_1_20' title='bbox 1122 564 1173 617; x_wconf 91' lang='lat' dir='ltr'><strong>pro</strong></span> 
     </span>
     <span class='ocr_line' id='line_1_4' title="bbox 128 637 1174 714; baseline -0.007 -14"><span class='ocrx_word' id='word_1_21' title='bbox 128 645 269 702; x_wconf 74' lang='lat' dir='ltr'><strong>reditibus</strong></span> <span class='ocrx_word' id='word_1_22' title='bbox 281 644 433 700; x_wconf 82' lang='lat' dir='ltr'><strong>Ecclesiae</strong></span> <span class='ocrx_word' id='word_1_23' title='bbox 450 642 607 714; x_wconf 76' lang='lat' dir='ltr'><strong>augendis,</strong></span> <span class='ocrx_word' id='word_1_24' title='bbox 624 650 653 696; x_wconf 89' lang='lat' dir='ltr'><strong>et</strong></span> <span class='ocrx_word' id='word_1_25' title='bbox 670 648 804 713; x_wconf 79' lang='lat' dir='ltr'><strong>pretexta</strong></span> <span class='ocrx_word' id='word_1_26' title='bbox 822 639 952 694; x_wconf 86' lang='lat' dir='ltr'><strong>libertate</strong></span> <span class='ocrx_word' id='word_1_27' title='bbox 968 637 1174 704; x_wconf 77' lang='lat' dir='ltr'><strong>ecclesiastici,</strong></span> 
     </span>
     <span class='ocr_line' id='line_1_5' title="bbox 129 724 1197 810; baseline -0.005 -22"><span class='ocrx_word' id='word_1_28' title='bbox 129 749 219 799; x_wconf 79' lang='lat' dir='ltr'><strong>onera</strong></span> <span class='ocrx_word' id='word_1_29' title='bbox 238 736 328 807; x_wconf 83' lang='lat' dir='ltr'><strong>(quae</strong></span> <span class='ocrx_word' id='word_1_30' title='bbox 346 733 470 799; x_wconf 87' lang='lat' dir='ltr'><strong>vocant)</strong></span> <span class='ocrx_word' id='word_1_31' title='bbox 497 742 524 786; x_wconf 90' lang='lat' dir='ltr'><strong>et</strong></span> <span class='ocrx_word' id='word_1_32' title='bbox 549 731 656 795; x_wconf 62' lang='lat' dir='ltr'><strong>tribute</strong></span> <span class='ocrx_word' id='word_1_33' title='bbox 682 731 809 810; x_wconf 83' lang='lat' dir='ltr'><strong>pendere</strong></span> <span class='ocrx_word' id='word_1_34' title='bbox 833 728 1016 803; x_wconf 21' lang='lat' dir='ltr'><strong>recusarint..</strong></span> <span class='ocrx_word' id='word_1_35' title='bbox 1036 724 1197 791; x_wconf 74' lang='lat' dir='ltr'><strong>l&#39;ltlemar&#39;</strong></span> 
     </span>
     <span class='ocr_line' id='line_1_6' title="bbox 61 816 1173 898; baseline -0.008 -17"><span class='ocrx_word' id='word_1_36' title='bbox 61 838 67 855; x_wconf 80' lang='lat'><strong>¹</strong></span> <span class='ocrx_word' id='word_1_37' title='bbox 127 822 272 898; x_wconf 86' lang='lat' dir='ltr'><strong>populum</strong></span> <span class='ocrx_word' id='word_1_38' title='bbox 290 823 412 895; x_wconf 84' lang='lat' dir='ltr'><strong>amplius</strong></span> <span class='ocrx_word' id='word_1_39' title='bbox 429 839 527 894; x_wconf 77' lang='lat' dir='ltr'><strong>neque</strong></span> <span class='ocrx_word' id='word_1_40' title='bbox 545 837 750 894; x_wconf 72' lang='lat' dir='ltr'><strong>possentque</strong></span> <span class='ocrx_word' id='word_1_41' title='bbox 772 819 848 876; x_wconf 83' lang='lat' dir='ltr'><strong>velle</strong></span> <span class='ocrx_word' id='word_1_42' title='bbox 873 819 967 887; x_wconf 83' lang='lat' dir='ltr'><strong>(sicut</strong></span> <span class='ocrx_word' id='word_1_43' title='bbox 987 827 1016 881; x_wconf 82' lang='lat' dir='ltr'><strong>et</strong></span> <span class='ocrx_word' id='word_1_44' title='bbox 1032 816 1173 885; x_wconf 65' lang='lat' dir='ltr'><strong>Erasmus</strong></span> 
     </span>
     <span class='ocr_line' id='line_1_7' title="bbox 127 903 1174 981; baseline -0.003 -13"><span class='ocrx_word' id='word_1_45' title='bbox 127 913 230 968; x_wconf 89' lang='lat' dir='ltr'><strong>scribit</strong></span> <span class='ocrx_word' id='word_1_46' title='bbox 252 913 281 968; x_wconf 89' lang='lat' dir='ltr'><strong>in</strong></span> <span class='ocrx_word' id='word_1_47' title='bbox 297 928 351 969; x_wconf 87' lang='lat' dir='ltr'><strong>sua</strong></span> <span class='ocrx_word' id='word_1_48' title='bbox 368 912 435 971; x_wconf 88' lang='lat' dir='ltr'><strong>bule</strong></span> <span class='ocrx_word' id='word_1_49' title='bbox 452 903 478 978; x_wconf 66' lang='grc'><strong>6)</strong></span> <span class='ocrx_word' id='word_1_50' title='bbox 496 912 600 981; x_wconf 82' lang='lat' dir='ltr'><strong>jugum</strong></span> <span class='ocrx_word' id='word_1_51' title='bbox 622 910 720 980; x_wconf 83' lang='lat' dir='ltr'><strong>Papae</strong></span> <span class='ocrx_word' id='word_1_52' title='bbox 745 919 773 966; x_wconf 88' lang='lat' dir='ltr'><strong>et</strong></span> <span class='ocrx_word' id='word_1_53' title='bbox 797 908 977 980; x_wconf 84' lang='lat' dir='ltr'><strong>papistamm</strong></span> <span class='ocrx_word' id='word_1_54' title='bbox 999 909 1095 965; x_wconf 77' lang='lat' dir='ltr'><strong>terrei</strong></span> <span class='ocrx_word' id='word_1_55' title='bbox 1121 920 1174 967; x_wconf 73' lang='lat' dir='ltr'><strong>usu</strong></span> 
     </span>
     <span class='ocr_line' id='line_1_8' title="bbox 125 999 1171 1072; baseline -0.007 -14"><span class='ocrx_word' id='word_1_56' title='bbox 125 1011 225 1058; x_wconf 85' lang='lat' dir='ltr'><strong>tamen</strong></span> <span class='ocrx_word' id='word_1_57' title='bbox 250 1016 399 1057; x_wconf 78' lang='lat' dir='ltr'><strong>cessamus</strong></span> <span class='ocrx_word' id='word_1_58' title='bbox 426 1012 531 1072; x_wconf 86' lang='lat' dir='ltr'><strong>urgere</strong></span> <span class='ocrx_word' id='word_1_59' title='bbox 559 1012 588 1055; x_wconf 92' lang='lat' dir='ltr'><strong>et</strong></span> <span class='ocrx_word' id='word_1_60' title='bbox 612 1016 769 1071; x_wconf 77' lang='lat' dir='ltr'><strong>aggravare</strong></span> <span class='ocrx_word' id='word_1_61' title='bbox 795 1001 906 1064; x_wconf 88' lang='lat' dir='ltr'><strong>istum,</strong></span> <span class='ocrx_word' id='word_1_62' title='bbox 934 1014 1005 1052; x_wconf 90' lang='lat' dir='ltr'><strong>cum</strong></span> <span class='ocrx_word' id='word_1_63' title='bbox 1028 999 1171 1054; x_wconf 81' lang='lat' dir='ltr'><strong>revelante</strong></span> 
     </span>
     <span class='ocr_line' id='line_1_9' title="bbox 127 1081 1172 1171; baseline -0.008 -23"><span class='ocrx_word' id='word_1_64' title='bbox 127 1094 225 1148; x_wconf 86' lang='lat' dir='ltr'><strong>omnia</strong></span> <span class='ocrx_word' id='word_1_65' title='bbox 242 1093 381 1164; x_wconf 88' lang='lat' dir='ltr'><strong>lucejam</strong></span> <span class='ocrx_word' id='word_1_66' title='bbox 399 1101 427 1146; x_wconf 89' lang='lat' dir='ltr'><strong>et</strong></span> <span class='ocrx_word' id='word_1_67' title='bbox 442 1107 552 1146; x_wconf 88' lang='lat' dir='ltr'><strong>nomen</strong></span> <span class='ocrx_word' id='word_1_68' title='bbox 577 1100 603 1145; x_wconf 89' lang='lat' dir='ltr'><strong>et</strong></span> <span class='ocrx_word' id='word_1_69' title='bbox 621 1088 791 1159; x_wconf 86' lang='lat' dir='ltr'><strong>opinionem</strong></span> <span class='ocrx_word' id='word_1_70' title='bbox 807 1088 991 1143; x_wconf 81' lang='lat' dir='ltr'><strong>amiserimus</strong></span> <span class='ocrx_word' id='word_1_71' title='bbox 1002 1081 1029 1163; x_wconf 67' lang='lat'><strong>72</strong></span> <span class='ocrx_word' id='word_1_72' title='bbox 1051 1087 1172 1171; x_wconf 56' lang='lat' dir='ltr'><strong>species:</strong></span> 
     </span>
     <span class='ocr_line' id='line_1_10' title="bbox 59 1158 1205 1269; baseline -0.012 -30"><span class='ocrx_word' id='word_1_73' title='bbox 59 1234 61 1239; x_wconf 92' lang='lat'><em>.</em></span> <span class='ocrx_word' id='word_1_74' title='bbox 127 1200 184 1257; x_wconf 87' lang='lat' dir='ltr'><strong>que</strong></span> <span class='ocrx_word' id='word_1_75' title='bbox 201 1177 226 1249; x_wconf 82' lang='grc'><strong>8)</strong></span> <span class='ocrx_word' id='word_1_76' title='bbox 249 1183 295 1238; x_wconf 87' lang='lat' dir='ltr'><strong>illa</strong></span> <span class='ocrx_word' id='word_1_77' title='bbox 313 1182 426 1254; x_wconf 88' lang='lat' dir='ltr'><strong>pictatis</strong></span> <span class='ocrx_word' id='word_1_78' title='bbox 443 1183 568 1252; x_wconf 88' lang='lat' dir='ltr'><strong>amplius</strong></span> <span class='ocrx_word' id='word_1_79' title='bbox 584 1197 646 1234; x_wconf 90' lang='lat' dir='ltr'><strong>non</strong></span> <span class='ocrx_word' id='word_1_80' title='bbox 662 1179 754 1251; x_wconf 89' lang='lat' dir='ltr'><strong>possit</strong></span> <span class='ocrx_word' id='word_1_81' title='bbox 769 1162 866 1233; x_wconf 82' lang='lat' dir='ltr'><strong>valere</strong></span> <span class='ocrx_word' id='word_1_82' title='bbox 873 1217 885 1253; x_wconf 81' lang='lat'><strong>,</strong></span> <span class='ocrx_word' id='word_1_83' title='bbox 899 1175 996 1251; x_wconf 77' lang='lat' dir='ltr'><strong>neque</strong></span> <span class='ocrx_word' id='word_1_84' title='bbox 1014 1158 1171 1269; x_wconf 54' lang='lat' dir='ltr'><strong>regnare&#39;p</strong></span> <span class='ocrx_word' id='word_1_85' title='bbox 1202 1164 1205 1225; x_wconf 73' lang='lat' dir='ltr'>j</span> 
     </span>
     <span class='ocr_line' id='line_1_11' title="bbox 125 1264 1207 1340; baseline -0.005 -14"><span class='ocrx_word' id='word_1_86' title='bbox 125 1275 201 1327; x_wconf 87' lang='lat' dir='ltr'><strong>sicut</strong></span> <span class='ocrx_word' id='word_1_87' title='bbox 215 1271 357 1327; x_wconf 87' lang='lat' dir='ltr'><strong>hactenus</strong></span> <span class='ocrx_word' id='word_1_88' title='bbox 374 1271 515 1340; x_wconf 78' lang='lat' dir='ltr'><strong>regnavit.</strong></span> <span class='ocrx_word' id='word_1_89' title='bbox 549 1269 698 1327; x_wconf 73' lang='lat' dir='ltr'><strong>Hactenus</strong></span> <span class='ocrx_word' id='word_1_90' title='bbox 720 1268 816 1324; x_wconf 83' lang='lat' dir='ltr'><strong>omnia</strong></span> <span class='ocrx_word' id='word_1_91' title='bbox 830 1265 867 1336; x_wconf 63' lang='grc' dir='ltr'><strong>ἀ)</strong></span> <span class='ocrx_word' id='word_1_92' title='bbox 885 1276 915 1324; x_wconf 89' lang='lat' dir='ltr'><strong>ot</strong></span> <span class='ocrx_word' id='word_1_93' title='bbox 932 1266 960 1321; x_wconf 84' lang='lat' dir='ltr'><strong>vi</strong></span> <span class='ocrx_word' id='word_1_94' title='bbox 977 1264 1133 1336; x_wconf 76' lang='lat' dir='ltr'><strong>auximus,</strong></span> <span class='ocrx_word' id='word_1_95' title='bbox 1145 1274 1170 1321; x_wconf 81' lang='lat' dir='ltr'><strong>at</strong></span> <span class='ocrx_word' id='word_1_96' title='bbox 1202 1328 1207 1335; x_wconf 56' lang='grc'><strong>,</strong></span> 
     </span>
     <span class='ocr_line' id='line_1_12' title="bbox 126 1356 1115 1434; baseline -0.005 -16"><span class='ocrx_word' id='word_1_97' title='bbox 126 1362 156 1418; x_wconf 84' lang='lat' dir='ltr'><strong>vi</strong></span> <span class='ocrx_word' id='word_1_98' title='bbox 173 1360 399 1434; x_wconf 86' lang='lat' dir='ltr'><strong>oppressimus:</strong></span> <span class='ocrx_word' id='word_1_99' title='bbox 416 1359 468 1413; x_wconf 87' lang='lat' dir='ltr'><strong>sed</strong></span> <span class='ocrx_word' id='word_1_100' title='bbox 486 1376 522 1412; x_wconf 88' lang='lat' dir='ltr'><strong>an</strong></span> <span class='ocrx_word' id='word_1_101' title='bbox 539 1358 613 1412; x_wconf 84' lang='lat' dir='ltr'><strong>ultra</strong></span> <span class='ocrx_word' id='word_1_102' title='bbox 631 1356 756 1429; x_wconf 90' lang='lat' dir='ltr'><strong>opprimi</strong></span> <span class='ocrx_word' id='word_1_103' title='bbox 774 1365 900 1429; x_wconf 81' lang='lat' dir='ltr'><strong>queant,</strong></span> <span class='ocrx_word' id='word_1_104' title='bbox 916 1357 1115 1427; x_wconf 81' lang='lat' dir='ltr'><strong>experiemur.</strong></span> 
     </span>
    </p>

    <p class='ocr_par' dir='ltr' id='par_1_3' title="bbox 121 1444 1200 1887">
     <span class='ocr_line' id='line_1_13' title="bbox 191 1444 1169 1522; baseline -0.008 -15"><span class='ocrx_word' id='word_1_105' title='bbox 191 1451 259 1522; x_wconf 81' lang='lat' dir='ltr'><strong>Ego</strong></span> <span class='ocrx_word' id='word_1_106' title='bbox 275 1451 392 1506; x_wconf 82' lang='lat' dir='ltr'><strong>otiosus</strong></span> <span class='ocrx_word' id='word_1_107' title='bbox 416 1448 466 1504; x_wconf 82' lang='lat' dir='ltr'><strong>hic</strong></span> <span class='ocrx_word' id='word_1_108' title='bbox 484 1459 513 1504; x_wconf 88' lang='lat' dir='ltr'><strong>et</strong></span> <span class='ocrx_word' id='word_1_109' title='bbox 529 1449 701 1519; x_wconf 86' lang='lat' dir='ltr'><strong>crapulosus</strong></span> <span class='ocrx_word' id='word_1_110' title='bbox 718 1447 755 1514; x_wconf 79' lang='lat'><strong>¹¹)</strong></span> <span class='ocrx_word' id='word_1_111' title='bbox 779 1449 869 1502; x_wconf 80' lang='lat' dir='ltr'><strong>sedeo</strong></span> <span class='ocrx_word' id='word_1_112' title='bbox 886 1456 945 1503; x_wconf 90' lang='lat' dir='ltr'><strong>tota</strong></span> <span class='ocrx_word' id='word_1_113' title='bbox 962 1448 1026 1502; x_wconf 84' lang='lat' dir='ltr'><strong>die:</strong></span> <span class='ocrx_word' id='word_1_114' title='bbox 1053 1444 1169 1502; x_wconf 81' lang='lat' dir='ltr'><strong>Biblirm</strong></span> 
     </span>
     <span class='ocr_line' id='line_1_14' title="bbox 126 1528 1200 1606; baseline -0.008 -7"><span class='ocrx_word' id='word_1_115' title='bbox 126 1528 274 1599; x_wconf 74' lang='lat' dir='ltr'><strong>Graecam</strong></span> <span class='ocrx_word' id='word_1_116' title='bbox 291 1552 321 1599; x_wconf 81' lang='lat' dir='ltr'><strong>ct</strong></span> <span class='ocrx_word' id='word_1_117' title='bbox 333 1539 496 1601; x_wconf 74' lang='lat' dir='ltr'><strong>Hebraeum</strong></span> <span class='ocrx_word' id='word_1_118' title='bbox 508 1539 584 1606; x_wconf 79' lang='lat' dir='ltr'><strong>lego.</strong></span> <span class='ocrx_word' id='word_1_119' title='bbox 619 1537 748 1593; x_wconf 80' lang='lat' dir='ltr'><strong>Scribam</strong></span> <span class='ocrx_word' id='word_1_120' title='bbox 762 1552 929 1592; x_wconf 86' lang='lat' dir='ltr'><strong>sermonem</strong></span> <span class='ocrx_word' id='word_1_121' title='bbox 941 1534 1168 1597; x_wconf 67' lang='lat' dir='ltr'><strong>vernaculamfl)</strong></span> <span class='ocrx_word' id='word_1_122' title='bbox 1187 1536 1200 1545; x_wconf 87' lang='lat'><strong>&#39;&#39;</strong></span> 
     </span>
     <span class='ocr_line' id='line_1_15' title="bbox 126 1626 1168 1697; baseline -0.006 -12"><span class='ocrx_word' id='word_1_123' title='bbox 126 1632 164 1686; x_wconf 88' lang='lat' dir='ltr'><strong>de</strong></span> <span class='ocrx_word' id='word_1_124' title='bbox 193 1631 387 1687; x_wconf 82' lang='lat' dir='ltr'><strong>confessionis</strong></span> <span class='ocrx_word' id='word_1_125' title='bbox 414 1630 580 1684; x_wconf 86' lang='lat' dir='ltr'><strong>auricularis</strong></span> <span class='ocrx_word' id='word_1_126' title='bbox 605 1629 757 1683; x_wconf 86' lang='lat' dir='ltr'><strong>libertate:</strong></span> <span class='ocrx_word' id='word_1_127' title='bbox 791 1628 967 1683; x_wconf 78' lang='lat' dir='ltr'><strong>l&#39;salterium</strong></span> <span class='ocrx_word' id='word_1_128' title='bbox 994 1626 1080 1681; x_wconf 84' lang='lat' dir='ltr'><strong>etiam</strong></span> <span class='ocrx_word' id='word_1_129' title='bbox 1108 1640 1168 1697; x_wconf 72' lang='lat' dir='ltr'><strong>pm,</strong></span> 
     </span>
     <span class='ocr_line' id='line_1_16' title="bbox 125 1716 1167 1793; baseline -0.005 -16"><span class='ocrx_word' id='word_1_130' title='bbox 125 1738 248 1793; x_wconf 85' lang='lat' dir='ltr'><strong>sequar,</strong></span> <span class='ocrx_word' id='word_1_131' title='bbox 265 1730 295 1776; x_wconf 89' lang='lat' dir='ltr'><strong>et</strong></span> <span class='ocrx_word' id='word_1_132' title='bbox 307 1721 461 1787; x_wconf 78' lang='lat' dir='ltr'><strong>Pastillus,</strong></span> <span class='ocrx_word' id='word_1_133' title='bbox 477 1719 527 1774; x_wconf 89' lang='lat' dir='ltr'><strong>ubi</strong></span> <span class='ocrx_word' id='word_1_134' title='bbox 543 1717 787 1788; x_wconf 83' lang='lat' dir='ltr'><strong>cWittemberga</strong></span> <span class='ocrx_word' id='word_1_135' title='bbox 805 1734 960 1787; x_wconf 88' lang='lat' dir='ltr'><strong>accepero,</strong></span> <span class='ocrx_word' id='word_1_136' title='bbox 977 1716 1087 1790; x_wconf 81' lang='lat' dir='ltr'><strong>qraibas</strong></span> <span class='ocrx_word' id='word_1_137' title='bbox 1099 1730 1167 1789; x_wconf 77' lang='lat' dir='ltr'><strong>opat</strong></span> 
     </span>
     <span class='ocr_line' id='line_1_17' title="bbox 121 1807 1175 1887; baseline -0.003 -21"><span class='ocrx_word' id='word_1_138' title='bbox 121 1811 240 1878; x_wconf 77' lang='lat' dir='ltr'><strong>habeo,</strong></span> <span class='ocrx_word' id='word_1_139' title='bbox 256 1811 331 1866; x_wconf 88' lang='lat' dir='ltr'><strong>inter</strong></span> <span class='ocrx_word' id='word_1_140' title='bbox 346 1828 421 1881; x_wconf 87' lang='lat' dir='ltr'><strong>quae</strong></span> <span class='ocrx_word' id='word_1_141' title='bbox 439 1821 469 1865; x_wconf 90' lang='lat' dir='ltr'><strong>et</strong></span> <span class='ocrx_word' id='word_1_142' title='bbox 485 1810 657 1879; x_wconf 77' lang='lat' dir='ltr'><strong>Magnificat</strong></span> <span class='ocrx_word' id='word_1_143' title='bbox 673 1809 844 1864; x_wconf 87' lang='lat' dir='ltr'><strong>inchoatum</strong></span> <span class='ocrx_word' id='word_1_144' title='bbox 861 1807 898 1874; x_wconf 71' lang='grc' dir='ltr'><strong>ι3)</strong></span> <span class='ocrx_word' id='word_1_145' title='bbox 915 1818 1055 1877; x_wconf 84' lang='lat' dir='ltr'><strong>expecto.</strong></span> <span class='ocrx_word' id='word_1_146' title='bbox 1171 1878 1175 1887; x_wconf 28' lang='grc' dir='ltr'>ι</span> 
     </span>
    </p>

    <p class='ocr_par' dir='ltr' id='par_1_4' title="bbox 118 1898 1166 2783">
     <span class='ocr_line' id='line_1_18' title="bbox 190 1898 1165 1972; baseline -0.003 -16"><span class='ocrx_word' id='word_1_147' title='bbox 190 1901 263 1957; x_wconf 84' lang='grc' dir='ltr'><strong>Νοη</strong></span> <span class='ocrx_word' id='word_1_148' title='bbox 281 1903 402 1966; x_wconf 88' lang='lat' dir='ltr'><strong>credas,</strong></span> <span class='ocrx_word' id='word_1_149' title='bbox 420 1912 526 1972; x_wconf 87' lang='lat' dir='ltr'><strong>quanta</strong></span> <span class='ocrx_word' id='word_1_150' title='bbox 543 1918 598 1955; x_wconf 90' lang='lat' dir='ltr'><strong>nos</strong></span> <span class='ocrx_word' id='word_1_151' title='bbox 616 1901 793 1954; x_wconf 76' lang='lat' dir='ltr'><strong>humanitate</strong></span> <span class='ocrx_word' id='word_1_152' title='bbox 812 1898 913 1954; x_wconf 82' lang='lat' dir='ltr'><strong>Abbas</strong></span> <span class='ocrx_word' id='word_1_153' title='bbox 930 1898 1104 1954; x_wconf 70' lang='lat' dir='ltr'><strong>Hirsleldiua</strong></span> <span class='ocrx_word' id='word_1_154' title='bbox 1119 1912 1165 1953; x_wconf 66' lang='lat' dir='ltr'><strong>exa</strong></span> 
     </span>
     <span class='ocr_line' id='line_1_19' title="bbox 124 1988 1165 2065; baseline -0.005 -17"><span class='ocrx_word' id='word_1_155' title='bbox 124 1995 244 2065; x_wconf 81' lang='lat' dir='ltr'><strong>ceperit.</strong></span> <span class='ocrx_word' id='word_1_156' title='bbox 286 1993 498 2047; x_wconf 85' lang='lat' dir='ltr'><strong>Cancellarium</strong></span> <span class='ocrx_word' id='word_1_157' title='bbox 516 1996 553 2048; x_wconf 73' lang='lat' dir='ltr'><strong>&#39;et</strong></span> <span class='ocrx_word' id='word_1_158' title='bbox 575 2003 763 2063; x_wconf 83' lang='lat' dir='ltr'><strong>quaestorem</strong></span> <span class='ocrx_word' id='word_1_159' title='bbox 791 1990 909 2044; x_wconf 81' lang='lat' dir='ltr'><strong>obviam</strong></span> <span class='ocrx_word' id='word_1_160' title='bbox 938 1989 1017 2051; x_wconf 80' lang='lat' dir='ltr'><strong>misit</strong></span> <span class='ocrx_word' id='word_1_161' title='bbox 1037 1988 1165 2045; x_wconf 82' lang='lat' dir='ltr'><strong>milliaria</strong></span> 
     </span>
     <span class='ocr_line' id='line_1_20' title="bbox 122 2076 1166 2152; baseline -0.002 -15"><span class='ocrx_word' id='word_1_162' title='bbox 122 2098 250 2152; x_wconf 82' lang='lat' dir='ltr'><strong>magno,</strong></span> <span class='ocrx_word' id='word_1_163' title='bbox 267 2092 330 2137; x_wconf 89' lang='lat' dir='ltr'><strong>tum</strong></span> <span class='ocrx_word' id='word_1_164' title='bbox 347 2081 411 2152; x_wconf 84' lang='lat' dir='ltr'><strong>ipse</strong></span> <span class='ocrx_word' id='word_1_165' title='bbox 428 2083 463 2136; x_wconf 88' lang='lat' dir='ltr'><strong>ad</strong></span> <span class='ocrx_word' id='word_1_166' title='bbox 480 2092 610 2136; x_wconf 81' lang='lat' dir='ltr'><strong>castrum</strong></span> <span class='ocrx_word' id='word_1_167' title='bbox 626 2096 711 2134; x_wconf 90' lang='lat' dir='ltr'><strong>suum</strong></span> <span class='ocrx_word' id='word_1_168' title='bbox 728 2079 830 2134; x_wconf 83' lang='lat' dir='ltr'><strong>anultis</strong></span> <span class='ocrx_word' id='word_1_169' title='bbox 847 2078 993 2152; x_wconf 83' lang='lat' dir='ltr'><strong>equitibus</strong></span> <span class='ocrx_word' id='word_1_170' title='bbox 1018 2093 1075 2134; x_wconf 80' lang='lat' dir='ltr'><strong>nna</strong></span> <span class='ocrx_word' id='word_1_171' title='bbox 1091 2076 1166 2134; x_wconf 73' lang='lat' dir='ltr'><strong>exet·</strong></span> 
     </span>
     <span class='ocr_line' id='line_1_21' title="bbox 120 2162 1164 2243; baseline 0.001 -18"><span class='ocrx_word' id='word_1_172' title='bbox 120 2172 206 2242; x_wconf 88' lang='lat' dir='ltr'><strong>piena</strong></span> <span class='ocrx_word' id='word_1_173' title='bbox 224 2172 253 2226; x_wconf 87' lang='lat' dir='ltr'><strong>in</strong></span> <span class='ocrx_word' id='word_1_174' title='bbox 270 2172 409 2243; x_wconf 86' lang='lat' dir='ltr'><strong>oppidum</strong></span> <span class='ocrx_word' id='word_1_175' title='bbox 427 2184 530 2226; x_wconf 85' lang='lat' dir='ltr'><strong>comes</strong></span> <span class='ocrx_word' id='word_1_176' title='bbox 547 2170 608 2226; x_wconf 82' lang='lat' dir='ltr'><strong>luit.</strong></span> <span class='ocrx_word' id='word_1_177' title='bbox 643 2170 767 2225; x_wconf 85' lang='lat' dir='ltr'><strong>Senatus</strong></span> <span class='ocrx_word' id='word_1_178' title='bbox 785 2169 859 2223; x_wconf 84' lang='lat' dir='ltr'><strong>intra</strong></span> <span class='ocrx_word' id='word_1_179' title='bbox 876 2181 976 2239; x_wconf 85' lang='lat' dir='ltr'><strong>portas</strong></span> <span class='ocrx_word' id='word_1_180' title='bbox 990 2162 1030 2237; x_wconf 64' lang='grc' dir='ltr'><strong>ί4)</strong></span> <span class='ocrx_word' id='word_1_181' title='bbox 1046 2186 1104 2226; x_wconf 83' lang='lat' dir='ltr'><strong>nos</strong></span> <span class='ocrx_word' id='word_1_182' title='bbox 1117 2180 1164 2225; x_wconf 63' lang='lat' dir='ltr'><strong>exa</strong></span> 
     </span>
     <span class='ocr_line' id='line_1_22' title="bbox 121 2259 1164 2332; baseline -0.006 -13"><span class='ocrx_word' id='word_1_183' title='bbox 121 2262 209 2332; x_wconf 82' lang='lat' dir='ltr'><strong>cepit.</strong></span> <span class='ocrx_word' id='word_1_184' title='bbox 245 2261 280 2316; x_wconf 91' lang='lat' dir='ltr'><strong>In</strong></span> <span class='ocrx_word' id='word_1_185' title='bbox 297 2263 475 2317; x_wconf 80' lang='lat' dir='ltr'><strong>monasterio</strong></span> <span class='ocrx_word' id='word_1_186' title='bbox 492 2277 546 2316; x_wconf 84' lang='lat' dir='ltr'><strong>suo</strong></span> <span class='ocrx_word' id='word_1_187' title='bbox 563 2275 621 2316; x_wconf 88' lang='lat' dir='ltr'><strong>nos</strong></span> <span class='ocrx_word' id='word_1_188' title='bbox 638 2261 717 2331; x_wconf 86' lang='lat' dir='ltr'><strong>pavit</strong></span> <span class='ocrx_word' id='word_1_189' title='bbox 732 2259 809 2313; x_wconf 83' lang='lat' dir='ltr'><strong>laute</strong></span> <span class='ocrx_word' id='word_1_190' title='bbox 819 2301 828 2328; x_wconf 92' lang='lat'><strong>,</strong></span> <span class='ocrx_word' id='word_1_191' title='bbox 853 2272 881 2317; x_wconf 85' lang='lat' dir='ltr'><strong>et</strong></span> <span class='ocrx_word' id='word_1_192' title='bbox 898 2261 928 2315; x_wconf 93' lang='lat' dir='ltr'><strong>in</strong></span> <span class='ocrx_word' id='word_1_193' title='bbox 945 2260 1034 2316; x_wconf 87' lang='lat' dir='ltr'><strong>cubili</strong></span> <span class='ocrx_word' id='word_1_194' title='bbox 1049 2277 1106 2325; x_wconf 77' lang='lat' dir='ltr'><strong>arro</strong></span> <span class='ocrx_word' id='word_1_195' title='bbox 1117 2275 1164 2315; x_wconf 79' lang='lat' dir='ltr'><strong>ans</strong></span> 
     </span>
     <span class='ocr_line' id='line_1_23' title="bbox 121 2341 1164 2422; baseline 0 -18"><span class='ocrx_word' id='word_1_196' title='bbox 121 2351 240 2406; x_wconf 88' lang='lat' dir='ltr'><strong>locavit.</strong></span> <span class='ocrx_word' id='word_1_197' title='bbox 274 2351 367 2406; x_wconf 86' lang='lat' dir='ltr'><strong>Mane</strong></span> <span class='ocrx_word' id='word_1_198' title='bbox 391 2351 487 2422; x_wconf 89' lang='lat' dir='ltr'><strong>quinta</strong></span> <span class='ocrx_word' id='word_1_199' title='bbox 513 2366 682 2406; x_wconf 87' lang='lat' dir='ltr'><strong>sermonem</strong></span> <span class='ocrx_word' id='word_1_200' title='bbox 706 2353 801 2405; x_wconf 83' lang='lat' dir='ltr'><strong>lacere</strong></span> <span class='ocrx_word' id='word_1_201' title='bbox 819 2363 961 2421; x_wconf 79' lang='lat' dir='ltr'><strong>cogerrmt</strong></span> <span class='ocrx_word' id='word_1_202' title='bbox 976 2341 1037 2419; x_wconf 53' lang='grc' dir='ltr'><strong>ἦ),</strong></span> <span class='ocrx_word' id='word_1_203' title='bbox 1063 2353 1164 2411; x_wconf 78' lang='lat' dir='ltr'><strong>trustra</strong></span> 
     </span>
     <span class='ocr_line' id='line_1_24' title="bbox 120 2437 1164 2508; baseline 0.001 -14"><span class='ocrx_word' id='word_1_204' title='bbox 120 2456 170 2494; x_wconf 88' lang='lat' dir='ltr'><strong>me</strong></span> <span class='ocrx_word' id='word_1_205' title='bbox 187 2451 324 2495; x_wconf 85' lang='lat' dir='ltr'><strong>causante</strong></span> <span class='ocrx_word' id='word_1_206' title='bbox 334 2437 382 2508; x_wconf 74' lang='lat'><strong>¹⁶),</strong></span> <span class='ocrx_word' id='word_1_207' title='bbox 407 2458 445 2496; x_wconf 89' lang='lat' dir='ltr'><strong>ne</strong></span> <span class='ocrx_word' id='word_1_208' title='bbox 462 2443 536 2495; x_wconf 87' lang='lat' dir='ltr'><strong>forte</strong></span> <span class='ocrx_word' id='word_1_209' title='bbox 554 2457 606 2496; x_wconf 88' lang='lat' dir='ltr'><strong>soa</strong></span> <span class='ocrx_word' id='word_1_210' title='bbox 623 2441 727 2507; x_wconf 74' lang='lat' dir='ltr'><strong>regalia</strong></span> <span class='ocrx_word' id='word_1_211' title='bbox 745 2441 902 2508; x_wconf 83' lang='lat' dir='ltr'><strong>amitteret,</strong></span> <span class='ocrx_word' id='word_1_212' title='bbox 925 2442 951 2497; x_wconf 84' lang='lat' dir='ltr'><strong>si</strong></span> <span class='ocrx_word' id='word_1_213' title='bbox 975 2441 1040 2495; x_wconf 81' lang='lat' dir='ltr'><strong>lroc</strong></span> <span class='ocrx_word' id='word_1_214' title='bbox 1061 2443 1164 2496; x_wconf 78' lang='lat' dir='ltr'><strong>factata</strong></span> 
     </span>
     <span class='ocr_line' id='line_1_25' title="bbox 121 2528 1164 2600; baseline 0.003 -19"><span class='ocrx_word' id='word_1_215' title='bbox 121 2528 287 2584; x_wconf 77' lang='lat' dir='ltr'><strong>Caesariani</strong></span> <span class='ocrx_word' id='word_1_216' title='bbox 303 2531 453 2600; x_wconf 85' lang='lat' dir='ltr'><strong>coeperint</strong></span> <span class='ocrx_word' id='word_1_217' title='bbox 469 2531 652 2600; x_wconf 82' lang='lat' dir='ltr'><strong>interpretari</strong></span> <span class='ocrx_word' id='word_1_218' title='bbox 664 2531 772 2585; x_wconf 82' lang='lat' dir='ltr'><strong>laesam</strong></span> <span class='ocrx_word' id='word_1_219' title='bbox 786 2530 873 2586; x_wconf 85' lang='lat' dir='ltr'><strong>fidem</strong></span> <span class='ocrx_word' id='word_1_220' title='bbox 885 2532 1001 2598; x_wconf 85' lang='lat' dir='ltr'><strong>datam,</strong></span> <span class='ocrx_word' id='word_1_221' title='bbox 1017 2547 1087 2585; x_wconf 89' lang='lat' dir='ltr'><strong>oum</strong></span> <span class='ocrx_word' id='word_1_222' title='bbox 1100 2528 1164 2591; x_wconf 81' lang='lat' dir='ltr'><strong>milti</strong></span> 
     </span>
     <span class='ocr_line' id='line_1_26' title="bbox 119 2618 1165 2690; baseline 0.003 -16"><span class='ocrx_word' id='word_1_223' title='bbox 119 2618 305 2686; x_wconf 88' lang='lat' dir='ltr'><strong>inhiberent,</strong></span> <span class='ocrx_word' id='word_1_224' title='bbox 323 2637 360 2674; x_wconf 89' lang='lat' dir='ltr'><strong>ne</strong></span> <span class='ocrx_word' id='word_1_225' title='bbox 378 2619 406 2673; x_wconf 93' lang='lat' dir='ltr'><strong>in</strong></span> <span class='ocrx_word' id='word_1_226' title='bbox 423 2620 468 2673; x_wconf 86' lang='lat' dir='ltr'><strong>via</strong></span> <span class='ocrx_word' id='word_1_227' title='bbox 481 2620 688 2690; x_wconf 85' lang='lat' dir='ltr'><strong>praedicarem.</strong></span> <span class='ocrx_word' id='word_1_228' title='bbox 722 2622 787 2689; x_wconf 75' lang='lat' dir='ltr'><strong>Ego</strong></span> <span class='ocrx_word' id='word_1_229' title='bbox 799 2631 896 2677; x_wconf 90' lang='lat' dir='ltr'><strong>tamen</strong></span> <span class='ocrx_word' id='word_1_230' title='bbox 910 2640 969 2677; x_wconf 89' lang='lat' dir='ltr'><strong>non</strong></span> <span class='ocrx_word' id='word_1_231' title='bbox 983 2622 1165 2685; x_wconf 66' lang='lat' dir='ltr'><strong>consensisse</strong></span> 
     </span>
     <span class='ocr_line' id='line_1_27' title="bbox 118 2707 1137 2783; baseline 0.004 -21"><span class='ocrx_word' id='word_1_232' title='bbox 118 2722 169 2762; x_wconf 88' lang='lat' dir='ltr'><strong>me</strong></span> <span class='ocrx_word' id='word_1_233' title='bbox 186 2707 339 2775; x_wconf 86' lang='lat' dir='ltr'><strong>dicebam,</strong></span> <span class='ocrx_word' id='word_1_234' title='bbox 355 2717 387 2762; x_wconf 89' lang='lat' dir='ltr'><strong>ut</strong></span> <span class='ocrx_word' id='word_1_235' title='bbox 403 2709 528 2763; x_wconf 87' lang='lat' dir='ltr'><strong>verbum</strong></span> <span class='ocrx_word' id='word_1_236' title='bbox 546 2709 606 2764; x_wconf 87' lang='lat' dir='ltr'><strong>Dei</strong></span> <span class='ocrx_word' id='word_1_237' title='bbox 624 2711 804 2777; x_wconf 81' lang='lat' dir='ltr'><strong>alligaretur,</strong></span> <span class='ocrx_word' id='word_1_238' title='bbox 821 2712 901 2783; x_wconf 87' lang='lat' dir='ltr'><strong>quod</strong></span> <span class='ocrx_word' id='word_1_239' title='bbox 919 2719 947 2765; x_wconf 88' lang='lat' dir='ltr'><strong>et</strong></span> <span class='ocrx_word' id='word_1_240' title='bbox 963 2726 1067 2765; x_wconf 83' lang='lat' dir='ltr'><strong>rerum</strong></span> <span class='ocrx_word' id='word_1_241' title='bbox 1085 2720 1137 2766; x_wconf 84' lang='lat' dir='ltr'><strong>est.</strong></span> 
     </span>
    </p>

    <p class='ocr_par' dir='ltr' id='par_1_5' title="bbox 114 2797 1165 3406">
     <span class='ocr_line' id='line_1_28' title="bbox 187 2797 1165 2870; baseline 0.001 -17"><span class='ocrx_word' id='word_1_242' title='bbox 187 2798 227 2853; x_wconf 91' lang='lat' dir='ltr'><strong>Et</strong></span> <span class='ocrx_word' id='word_1_243' title='bbox 244 2798 359 2852; x_wconf 85' lang='lat' dir='ltr'><strong>lsenaci</strong></span> <span class='ocrx_word' id='word_1_244' title='bbox 371 2799 553 2869; x_wconf 86' lang='lat' dir='ltr'><strong>praedicavi,</strong></span> <span class='ocrx_word' id='word_1_245' title='bbox 570 2799 623 2853; x_wconf 89' lang='lat' dir='ltr'><strong>sed</strong></span> <span class='ocrx_word' id='word_1_246' title='bbox 642 2800 744 2853; x_wconf 88' lang='lat' dir='ltr'><strong>timido</strong></span> <span class='ocrx_word' id='word_1_247' title='bbox 761 2800 896 2870; x_wconf 80' lang='lat' dir='ltr'><strong>parocho</strong></span> <span class='ocrx_word' id='word_1_248' title='bbox 914 2811 942 2855; x_wconf 90' lang='lat' dir='ltr'><strong>et</strong></span> <span class='ocrx_word' id='word_1_249' title='bbox 959 2802 1077 2856; x_wconf 85' lang='lat' dir='ltr'><strong>notario</strong></span> <span class='ocrx_word' id='word_1_250' title='bbox 1093 2797 1165 2855; x_wconf 84' lang='lat' dir='ltr'><strong>testi.</strong></span> 
     </span>
     <span class='ocr_line' id='line_1_29' title="bbox 117 2886 1164 2962; baseline 0.004 -19"><span class='ocrx_word' id='word_1_251' title='bbox 117 2886 235 2958; x_wconf 85' lang='lat' dir='ltr'><strong>busque</strong></span> <span class='ocrx_word' id='word_1_252' title='bbox 252 2889 456 2959; x_wconf 86' lang='lat' dir='ltr'><strong>praesentibus</strong></span> <span class='ocrx_word' id='word_1_253' title='bbox 480 2905 583 2943; x_wconf 88' lang='lat' dir='ltr'><strong>coram</strong></span> <span class='ocrx_word' id='word_1_254' title='bbox 606 2906 656 2944; x_wconf 83' lang='lat' dir='ltr'><strong>me</strong></span> <span class='ocrx_word' id='word_1_255' title='bbox 673 2901 873 2962; x_wconf 83' lang='lat' dir='ltr'><strong>protestante,</strong></span> <span class='ocrx_word' id='word_1_256' title='bbox 895 2890 1047 2946; x_wconf 87' lang='lat' dir='ltr'><strong>humiliter</strong></span> <span class='ocrx_word' id='word_1_257' title='bbox 1070 2902 1164 2947; x_wconf 80' lang='lat' dir='ltr'><strong>tamen</strong></span> 
     </span>
     <span class='ocr_line' id='line_1_30' title="bbox 118 2979 1165 3051; baseline 0.001 -18"><span class='ocrx_word' id='word_1_258' title='bbox 118 2986 282 3033; x_wconf 82' lang='lat' dir='ltr'><strong>excusante</strong></span> <span class='ocrx_word' id='word_1_259' title='bbox 304 2979 506 3034; x_wconf 83' lang='lat' dir='ltr'><strong>necessitatem</strong></span> <span class='ocrx_word' id='word_1_260' title='bbox 529 2979 606 3033; x_wconf 86' lang='lat' dir='ltr'><strong>hanc</strong></span> <span class='ocrx_word' id='word_1_261' title='bbox 630 2979 670 3036; x_wconf 90' lang='lat' dir='ltr'><strong>ob</strong></span> <span class='ocrx_word' id='word_1_262' title='bbox 693 2988 804 3037; x_wconf 85' lang='lat' dir='ltr'><strong>metum</strong></span> <span class='ocrx_word' id='word_1_263' title='bbox 827 2990 1018 3051; x_wconf 81' lang='lat' dir='ltr'><strong>tyrannorum</strong></span> <span class='ocrx_word' id='word_1_264' title='bbox 1035 2994 1165 3035; x_wconf 75' lang='lat' dir='ltr'><strong>suonam·</strong></span> 
     </span>
     <span class='ocr_line' id='line_1_31' title="bbox 118 3065 1165 3140; baseline 0.003 -19"><span class='ocrx_word' id='word_1_265' title='bbox 118 3065 162 3121; x_wconf 85' lang='lat' dir='ltr'><strong>lta</strong></span> <span class='ocrx_word' id='word_1_266' title='bbox 179 3077 208 3122; x_wconf 86' lang='lat' dir='ltr'><strong>et</strong></span> <span class='ocrx_word' id='word_1_267' title='bbox 227 3069 408 3124; x_wconf 80' lang='lat' dir='ltr'><strong>Wormatiar.</strong></span> <span class='ocrx_word' id='word_1_268' title='bbox 432 3071 507 3122; x_wconf 79' lang='lat' dir='ltr'><strong>torto</strong></span> <span class='ocrx_word' id='word_1_269' title='bbox 524 3071 625 3124; x_wconf 85' lang='lat' dir='ltr'><strong>audies</strong></span> <span class='ocrx_word' id='word_1_270' title='bbox 650 3087 704 3140; x_wconf 88' lang='lat' dir='ltr'><strong>per</strong></span> <span class='ocrx_word' id='word_1_271' title='bbox 719 3069 794 3125; x_wconf 77' lang='lat' dir='ltr'><strong>liaeo</strong></span> <span class='ocrx_word' id='word_1_272' title='bbox 816 3086 832 3123; x_wconf 89' lang='lat' dir='ltr'><strong>a</strong></span> <span class='ocrx_word' id='word_1_273' title='bbox 848 3085 897 3124; x_wconf 88' lang='lat' dir='ltr'><strong>me</strong></span> <span class='ocrx_word' id='word_1_274' title='bbox 914 3068 1044 3131; x_wconf 82' lang='lat' dir='ltr'><strong>solutam</strong></span> <span class='ocrx_word' id='word_1_275' title='bbox 1069 3069 1165 3136; x_wconf 75' lang='lat' dir='ltr'><strong>fldem,</strong></span> 
     </span>
     <span class='ocr_line' id='line_1_32' title="bbox 116 3157 1165 3228; baseline 0.001 -16"><span class='ocrx_word' id='word_1_276' title='bbox 116 3157 170 3212; x_wconf 82' lang='lat' dir='ltr'><strong>sed</strong></span> <span class='ocrx_word' id='word_1_277' title='bbox 194 3175 254 3212; x_wconf 90' lang='lat' dir='ltr'><strong>non</strong></span> <span class='ocrx_word' id='word_1_278' title='bbox 278 3169 324 3213; x_wconf 88' lang='lat' dir='ltr'><strong>est</strong></span> <span class='ocrx_word' id='word_1_279' title='bbox 341 3158 446 3212; x_wconf 85' lang='lat' dir='ltr'><strong>soluta.</strong></span> <span class='ocrx_word' id='word_1_280' title='bbox 482 3158 518 3212; x_wconf 90' lang='lat' dir='ltr'><strong>ln</strong></span> <span class='ocrx_word' id='word_1_281' title='bbox 541 3175 606 3212; x_wconf 85' lang='lat' dir='ltr'><strong>mea</strong></span> <span class='ocrx_word' id='word_1_282' title='bbox 624 3160 704 3213; x_wconf 89' lang='lat' dir='ltr'><strong>enim</strong></span> <span class='ocrx_word' id='word_1_283' title='bbox 721 3167 867 3228; x_wconf 86' lang='lat' dir='ltr'><strong>potestate</strong></span> <span class='ocrx_word' id='word_1_284' title='bbox 888 3175 949 3213; x_wconf 88' lang='lat' dir='ltr'><strong>non</strong></span> <span class='ocrx_word' id='word_1_285' title='bbox 966 3169 1082 3220; x_wconf 82' lang='lat' dir='ltr'><strong>eratea</strong></span> <span class='ocrx_word' id='word_1_286' title='bbox 1098 3174 1165 3213; x_wconf 82' lang='lat' dir='ltr'><strong>corr.</strong></span> 
     </span>
     <span class='ocr_line' id='line_1_33' title="bbox 116 3245 1163 3319; baseline 0.002 -20"><span class='ocrx_word' id='word_1_287' title='bbox 116 3245 204 3310; x_wconf 90' lang='lat' dir='ltr'><strong>ditio,</strong></span> <span class='ocrx_word' id='word_1_288' title='bbox 221 3257 253 3300; x_wconf 88' lang='lat' dir='ltr'><strong>ut</strong></span> <span class='ocrx_word' id='word_1_289' title='bbox 268 3247 394 3301; x_wconf 77' lang='lat' dir='ltr'><strong>verbum</strong></span> <span class='ocrx_word' id='word_1_290' title='bbox 412 3246 471 3301; x_wconf 90' lang='lat' dir='ltr'><strong>Dei</strong></span> <span class='ocrx_word' id='word_1_291' title='bbox 488 3257 567 3302; x_wconf 87' lang='lat' dir='ltr'><strong>esset</strong></span> <span class='ocrx_word' id='word_1_292' title='bbox 585 3247 748 3316; x_wconf 75' lang='lat' dir='ltr'><strong>alligatum,</strong></span> <span class='ocrx_word' id='word_1_293' title='bbox 772 3262 828 3302; x_wconf 85' lang='lat' dir='ltr'><strong>nec</strong></span> <span class='ocrx_word' id='word_1_294' title='bbox 845 3247 940 3319; x_wconf 67' lang='lat' dir='ltr'><strong>pepigi</strong></span> <span class='ocrx_word' id='word_1_295' title='bbox 957 3248 987 3304; x_wconf 82' lang='lat' dir='ltr'><strong>ia</strong></span> <span class='ocrx_word' id='word_1_296' title='bbox 1005 3264 1082 3313; x_wconf 82' lang='lat' dir='ltr'><strong>eam,</strong></span> <span class='ocrx_word' id='word_1_297' title='bbox 1098 3257 1127 3303; x_wconf 83' lang='lat' dir='ltr'><strong>et</strong></span> <span class='ocrx_word' id='word_1_298' title='bbox 1140 3245 1163 3301; x_wconf 85' lang='lat' dir='ltr'><strong>si</strong></span> 
     </span>
     <span class='ocr_line' id='line_1_34' title="bbox 114 3334 1164 3406; baseline 0.006 -21"><span class='ocrx_word' id='word_1_299' title='bbox 114 3334 310 3404; x_wconf 78' lang='lat' dir='ltr'><strong>pepigisscm,</strong></span> <span class='ocrx_word' id='word_1_300' title='bbox 335 3336 403 3406; x_wconf 86' lang='lat' dir='ltr'><strong>quia</strong></span> <span class='ocrx_word' id='word_1_301' title='bbox 428 3345 527 3389; x_wconf 85' lang='lat' dir='ltr'><strong>contra</strong></span> <span class='ocrx_word' id='word_1_302' title='bbox 547 3337 650 3391; x_wconf 87' lang='lat' dir='ltr'><strong>Deum</strong></span> <span class='ocrx_word' id='word_1_303' title='bbox 667 3336 788 3405; x_wconf 81' lang='lat' dir='ltr'><strong>fuisset,</strong></span> <span class='ocrx_word' id='word_1_304' title='bbox 811 3339 953 3392; x_wconf 84' lang='lat' dir='ltr'><strong>servanda</strong></span> <span class='ocrx_word' id='word_1_305' title='bbox 977 3354 1039 3394; x_wconf 86' lang='lat' dir='ltr'><strong>noa</strong></span> <span class='ocrx_word' id='word_1_306' title='bbox 1057 3338 1164 3393; x_wconf 70' lang='lat' dir='ltr'><strong>tutam.</strong></span> 
     </span>
    </p>
   </div>
   <div class='ocr_carea' id='block_1_3' title="bbox 112 3518 1165 3868">
    <p class='ocr_par' dir='ltr' id='par_1_6' title="bbox 112 3518 1165 3868">
     <span class='ocr_line' id='line_1_35' title="bbox 162 3518 1164 3575; baseline 0.008 -14"><span class='ocrx_word' id='word_1_307' title='bbox 162 3520 185 3569; x_wconf 72' lang='lat' dir='ltr'><strong>tt</strong></span> <span class='ocrx_word' id='word_1_308' title='bbox 206 3519 264 3564; x_wconf 83' lang='lat' dir='ltr'><strong>cod.</strong></span> <span class='ocrx_word' id='word_1_309' title='bbox 278 3518 351 3565; x_wconf 78' lang='lat' dir='ltr'><strong>Goth.</strong></span> <span class='ocrx_word' id='word_1_310' title='bbox 368 3519 529 3567; x_wconf 73' lang='lat' dir='ltr'><strong>mandabatur.</strong></span> <span class='ocrx_word' id='word_1_311' title='bbox 567 3520 590 3569; x_wconf 79' lang='lat'><strong>⁵)</strong></span> <span class='ocrx_word' id='word_1_312' title='bbox 608 3519 863 3568; x_wconf 67' lang='lat' dir='ltr'><strong>corcomenon.</strong></span> <span class='ocrx_word' id='word_1_313' title='bbox 902 3523 923 3575; x_wconf 88' lang='lat'><strong>6)</strong></span> <span class='ocrx_word' id='word_1_314' title='bbox 944 3522 1003 3569; x_wconf 79' lang='lat' dir='ltr'><strong>cod.</strong></span> <span class='ocrx_word' id='word_1_315' title='bbox 1018 3522 1092 3570; x_wconf 67' lang='lat' dir='ltr'><strong>soth.</strong></span> <span class='ocrx_word' id='word_1_316' title='bbox 1104 3520 1164 3569; x_wconf 84' lang='grc' dir='ltr'><strong>-Ιι</strong></span> 
     </span>
     <span class='ocr_line' id='line_1_36' title="bbox 113 3590 1162 3651; baseline 0.007 -15"><span class='ocrx_word' id='word_1_317' title='bbox 113 3603 158 3636; x_wconf 85' lang='lat' dir='ltr'><strong>sua</strong></span> <span class='ocrx_word' id='word_1_318' title='bbox 176 3590 238 3636; x_wconf 83' lang='lat' dir='ltr'><strong>bule.</strong></span> <span class='ocrx_word' id='word_1_319' title='bbox 287 3593 311 3642; x_wconf 81' lang='grc'><strong>7)</strong></span> <span class='ocrx_word' id='word_1_320' title='bbox 331 3593 388 3637; x_wconf 82' lang='lat' dir='ltr'><strong>cod.</strong></span> <span class='ocrx_word' id='word_1_321' title='bbox 413 3592 484 3639; x_wconf 81' lang='lat' dir='ltr'><strong>Goth.</strong></span> <span class='ocrx_word' id='word_1_322' title='bbox 512 3604 645 3649; x_wconf 63' lang='lat' dir='ltr'><strong>aggravare</strong></span> <span class='ocrx_word' id='word_1_323' title='bbox 668 3606 721 3651; x_wconf 77' lang='lat' dir='ltr'><strong>eum</strong></span> <span class='ocrx_word' id='word_1_324' title='bbox 746 3595 897 3642; x_wconf 81' lang='lat' dir='ltr'><strong>revelantem</strong></span> <span class='ocrx_word' id='word_1_325' title='bbox 917 3597 968 3650; x_wconf 84' lang='lat' dir='ltr'><strong>jam</strong></span> <span class='ocrx_word' id='word_1_326' title='bbox 992 3596 1053 3651; x_wconf 79' lang='lat' dir='ltr'><strong>itaer.</strong></span> <span class='ocrx_word' id='word_1_327' title='bbox 1076 3597 1162 3649; x_wconf 80' lang='lat' dir='ltr'><strong>onnia.</strong></span> 
     </span>
     <span class='ocr_line' id='line_1_37' title="bbox 112 3664 1164 3726; baseline 0.004 -14"><span class='ocrx_word' id='word_1_328' title='bbox 112 3669 135 3717; x_wconf 84' lang='grc'><strong>8)</strong></span> <span class='ocrx_word' id='word_1_329' title='bbox 150 3665 208 3710; x_wconf 84' lang='lat' dir='ltr'><strong>Cod.</strong></span> <span class='ocrx_word' id='word_1_330' title='bbox 221 3664 293 3711; x_wconf 80' lang='lat' dir='ltr'><strong>Goth.</strong></span> <span class='ocrx_word' id='word_1_331' title='bbox 307 3665 374 3711; x_wconf 88' lang='lat' dir='ltr'><strong>Nunc</strong></span> <span class='ocrx_word' id='word_1_332' title='bbox 387 3667 488 3723; x_wconf 84' lang='lat' dir='ltr'><strong>aperies.</strong></span> <span class='ocrx_word' id='word_1_333' title='bbox 538 3670 560 3719; x_wconf 80' lang='lat'><strong>9)</strong></span> <span class='ocrx_word' id='word_1_334' title='bbox 575 3667 632 3712; x_wconf 83' lang='lat' dir='ltr'><strong>cod</strong></span> <span class='ocrx_word' id='word_1_335' title='bbox 648 3667 719 3715; x_wconf 84' lang='lat' dir='ltr'><strong>Gotlr.</strong></span> <span class='ocrx_word' id='word_1_336' title='bbox 734 3669 831 3726; x_wconf 86' lang='lat' dir='ltr'><strong>pietatis</strong></span> <span class='ocrx_word' id='word_1_337' title='bbox 850 3681 899 3716; x_wconf 89' lang='lat' dir='ltr'><strong>uon</strong></span> <span class='ocrx_word' id='word_1_338' title='bbox 913 3669 1014 3726; x_wconf 86' lang='lat' dir='ltr'><strong>amplius</strong></span> <span class='ocrx_word' id='word_1_339' title='bbox 1035 3671 1071 3717; x_wconf 82' lang='lat' dir='ltr'><strong>ita</strong></span> <span class='ocrx_word' id='word_1_340' title='bbox 1083 3670 1164 3717; x_wconf 76' lang='lat' dir='ltr'><strong>valere</strong></span> 
     </span>
     <span class='ocr_line' id='line_1_38' title="bbox 113 3738 1165 3796; baseline 0.007 -12"><span class='ocrx_word' id='word_1_341' title='bbox 113 3750 191 3796; x_wconf 79' lang='lat' dir='ltr'><strong>neque</strong></span> <span class='ocrx_word' id='word_1_342' title='bbox 204 3738 288 3796; x_wconf 68' lang='lat' dir='ltr'><strong>vigere</strong></span> <span class='ocrx_word' id='word_1_343' title='bbox 301 3740 400 3796; x_wconf 85' lang='lat' dir='ltr'><strong>poterit.</strong></span> <span class='ocrx_word' id='word_1_344' title='bbox 426 3743 476 3793; x_wconf 82' lang='grc'><strong>,10)</strong></span> <span class='ocrx_word' id='word_1_345' title='bbox 491 3741 550 3786; x_wconf 81' lang='lat' dir='ltr'><strong>cod.</strong></span> <span class='ocrx_word' id='word_1_346' title='bbox 565 3742 591 3788; x_wconf 82' lang='lat' dir='ltr'><strong>G.</strong></span> <span class='ocrx_word' id='word_1_347' title='bbox 607 3748 631 3787; x_wconf 90' lang='lat' dir='ltr'><strong>et</strong></span> <span class='ocrx_word' id='word_1_348' title='bbox 644 3742 698 3787; x_wconf 75' lang='lat' dir='ltr'><strong>ten.</strong></span> <span class='ocrx_word' id='word_1_349' title='bbox 725 3743 788 3788; x_wconf 84' lang='lat' dir='ltr'><strong>odta.</strong></span> <span class='ocrx_word' id='word_1_350' title='bbox 828 3749 860 3795; x_wconf 82' lang='lat' dir='ltr'><strong>tlt</strong></span> <span class='ocrx_word' id='word_1_351' title='bbox 875 3745 933 3788; x_wconf 79' lang='lat' dir='ltr'><strong>cod.</strong></span> <span class='ocrx_word' id='word_1_352' title='bbox 948 3743 1021 3790; x_wconf 80' lang='lat' dir='ltr'><strong>Goth.</strong></span> <span class='ocrx_word' id='word_1_353' title='bbox 1039 3750 1165 3791; x_wconf 82' lang='lat' dir='ltr'><strong>-etera-</strong></span> 
     </span>
     <span class='ocr_line' id='line_1_39' title="bbox 114 3810 1165 3868; baseline 0.009 -14"><span class='ocrx_word' id='word_1_354' title='bbox 114 3810 221 3868; x_wconf 85' lang='lat' dir='ltr'><strong>pulosus.</strong></span> <span class='ocrx_word' id='word_1_355' title='bbox 261 3811 453 3865; x_wconf 71' lang='lat' dir='ltr'><strong>momentu.</strong></span> <span class='ocrx_word' id='word_1_356' title='bbox 477 3813 617 3861; x_wconf 79' lang='lat' dir='ltr'><strong>versionem</strong></span> <span class='ocrx_word' id='word_1_357' title='bbox 639 3815 800 3861; x_wconf 75' lang='lat' dir='ltr'><strong>vernaculam.</strong></span> <span class='ocrx_word' id='word_1_358' title='bbox 840 3817 988 3867; x_wconf 68' lang='lat' dir='ltr'><strong>attendo.</strong></span> <span class='ocrx_word' id='word_1_359' title='bbox 1007 3820 1033 3864; x_wconf 83' lang='lat' dir='ltr'><strong>et</strong></span> <span class='ocrx_word' id='word_1_360' title='bbox 1049 3818 1108 3864; x_wconf 86' lang='lat' dir='ltr'><strong>Jen.</strong></span> <span class='ocrx_word' id='word_1_361' title='bbox 1129 3816 1165 3863; x_wconf 77' lang='lat' dir='ltr'><strong>ln·</strong></span> 
     </span>
    </p>
   </div>
   <div class='ocr_carea' id='block_1_4' title="bbox 114 3883 1164 4003">
    <p class='ocr_par' dir='ltr' id='par_1_7' title="bbox 114 3883 1164 4003">
     <span class='ocr_line' id='line_1_40' title="bbox 114 3883 1164 3947; baseline 0.01 -17"><span class='ocrx_word' id='word_1_362' title='bbox 114 3883 209 3930; x_wconf 78' lang='lat' dir='ltr'><strong>clroata.</strong></span> <span class='ocrx_word' id='word_1_363' title='bbox 248 3886 281 3939; x_wconf 79' lang='lat' dir='ltr'><strong>tt)</strong></span> <span class='ocrx_word' id='word_1_364' title='bbox 296 3885 440 3932; x_wconf 75' lang='lat' dir='ltr'><strong>codfioth.</strong></span> <span class='ocrx_word' id='word_1_365' title='bbox 461 3887 575 3945; x_wconf 84' lang='lat' dir='ltr'><strong>parietes.</strong></span> <span class='ocrx_word' id='word_1_366' title='bbox 616 3890 648 3942; x_wconf 81' lang='lat' dir='ltr'><strong>ts)</strong></span> <span class='ocrx_word' id='word_1_367' title='bbox 668 3888 726 3933; x_wconf 80' lang='lat' dir='ltr'><strong>cod.</strong></span> <span class='ocrx_word' id='word_1_368' title='bbox 746 3892 773 3935; x_wconf 79' lang='lat' dir='ltr'><strong>G.</strong></span> <span class='ocrx_word' id='word_1_369' title='bbox 791 3890 814 3935; x_wconf 87' lang='lat' dir='ltr'><strong>J.</strong></span> <span class='ocrx_word' id='word_1_370' title='bbox 841 3890 930 3946; x_wconf 55' lang='lat' dir='ltr'><strong>rectit.</strong></span> <span class='ocrx_word' id='word_1_371' title='bbox 969 3893 1002 3947; x_wconf 77' lang='lat' dir='ltr'><strong>tt)</strong></span> <span class='ocrx_word' id='word_1_372' title='bbox 1026 3891 1164 3940; x_wconf 73' lang='lat' dir='ltr'><strong>oodootta</strong></span> 
     </span>
     <span class='ocr_line' id='line_1_41' title="bbox 115 3958 249 4003; baseline 0.015 -2"><span class='ocrx_word' id='word_1_373' title='bbox 115 3958 249 4003; x_wconf 76' lang='lat' dir='ltr'><strong>recusante.</strong></span> 
     </span>
    </p>
   </div>
   <div class='ocr_carea' id='block_1_5' title="bbox 0 0 1292 4724">
    <p class='ocr_par' dir='ltr' id='par_1_8' title="bbox 0 0 1292 4724">
     <span class='ocr_line' id='line_1_42' title="bbox 0 0 1292 4724; baseline 0 3"><span class='ocrx_word' id='word_1_374' title='bbox 0 0 1292 4724; x_wconf 95' lang='lat' dir='ltr'><strong> </strong></span> 
     </span>
    </p>
   </div>
  </div>
 </body>
</html>
