2574 4724
161 279 221 353 adl
639 281 727 347 1522.

159 440 294 496 ridiculis
321 450 350 496 et
376 440 493 513 ineptis.
518 440 542 508 ¹)
583 441 639 496 Sed
662 451 760 496 tamen
784 457 822 494 ne
847 439 920 495 nihss
944 438 1121 511 impetrent,
1147 441 1208 493 vim

159 530 266 589 lucium
282 530 355 585 mihi
381 532 456 585 ultra
472 531 616 599 modum,
637 541 666 586 et
683 548 743 585 non
761 531 895 600 exigam,
920 541 952 585 ut
970 530 1088 602 publice
1106 548 1208 584 recan.

159 619 228 674 tetis
245 619 318 673 mihi
336 620 446 674 malum
462 629 613 678 vestrum:
631 636 687 675 vos
705 619 856 686 videritis,
874 628 907 673 ut
919 619 1040 674 Christo
1052 636 1144 689 super
1157 620 1208 672 illo

158 708 383 779 responderitis.
418 708 544 763 Tacebo
570 720 599 763 et
624 719 782 763 contentus
810 725 881 775 ero,
911 708 937 762 si
964 707 1037 763 nihii
1063 709 1206 778 deinceps

157 798 263 852 similis
288 799 449 870 tyrannidis
474 798 676 866 tentaveritis,
701 809 731 853 et
755 799 920 854 doctrinam
943 798 1058 869 pietatis
1083 798 1207 852 liberam

156 904 225 943 esse
243 889 449 958 permiseritis.
484 889 512 943 Si
532 907 587 944 vos
605 907 664 944 non
682 889 771 944 vultis
790 889 957 960 simplicem
969 889 1121 942 Christum
1134 905 1206 941 con.

156 976 231 1045 iteri
258 988 287 1030 ct
313 978 416 1048 sequi,
442 977 600 1049 sequimini
626 989 742 1046 vestre,
769 989 798 1032 et
821 977 909 1032 vobis
936 978 1040 1032 saltem
1064 976 1206 1030 facessite

156 1065 284 1134 negotia.
321 1066 440 1138 Alioqui
457 1067 615 1124 ministerii
632 1067 726 1121 nostri
745 1067 830 1121 frena
849 1066 1032 1134 laxabimus,
1059 1076 1087 1120 ct
1104 1067 1128 1130 2)
1153 1066 1207 1117 do.

156 1155 283 1209 utrinam
297 1155 413 1226 pietatis
426 1156 592 1223 tuebimur,
609 1155 727 1226 quantis
745 1155 859 1211 viribus
876 1172 1059 1231 possumus,
1077 1156 1206 1210 offenda.

153 1253 203 1299 tur
219 1244 284 1312 sive
303 1245 441 1313 coelum,
459 1245 636 1313 sineterra,
654 1245 719 1303 sive
736 1255 872 1300 tartarus.
896 1243 922 1311 ³)

219 1381 317 1436 Habes
331 1381 429 1452 itaque
442 1381 628 1447 Lutherum,
641 1382 730 1436 sicuti
744 1398 864 1453 semper
874 1381 1003 1437 habuisti
1014 1424 1022 1442 ,
1035 1384 1205 1453 obseptcn.

153 1469 304 1524 tissimum
315 1469 506 1541 mancipium,
520 1469 549 1524 'si
560 1470 652 1524 modo
663 1463 689 1536 ⁴)
707 1471 823 1541 pietatis
841 1470 954 1525 amicus
973 1471 1079 1524 fueris:
1100 1487 1203 1526 rursus

154 1559 304 1629 egregium
322 1569 558 1636 contemtorem,
583 1560 607 1614 si
631 1561 801 1630 perrexeris
827 1576 896 1616 cum
920 1570 973 1614 tuo
998 1561 1140 1615 Cardinali
1160 1562 1203 1613 ln.

154 1649 225 1703 dere
242 1648 272 1703 in
289 1666 321 1703 re
339 1665 433 1704 sacra.
467 1649 585 1703 Summa
597 1659 681 1718 esto,
700 1650 828 1705 charitas
841 1661 942 1708 nostra
955 1668 1009 1722 pro
1024 1651 1201 1704 nobismori

152 1750 252 1810 parata
270 1751 332 1807 est,
352 1738 423 1793 tides
441 1756 515 1792 vero
533 1739 558 1792 si
576 1739 720 1808 tangitur,
737 1740 866 1807 tangitur
879 1741 987 1811 pupilla
1002 1741 1081 1794 oculi
1095 1741 1201 1794 nostri.

153 1828 335 1883 Charitatem
353 1829 520 1900 expositam
536 1828 677 1884 habetote
703 1830 841 1884 omnibus
868 1830 932 1884 sive
956 1829 1108 1894 ludibriis,
1135 1831 1200 1884 sive

104 1926 107 1931 '
151 1918 337 1986 honoribus,
356 1917 443 1972 fidem
461 1927 491 1972 et
506 1918 632 1972 verbum
651 1919 764 1974 adorari
782 1936 797 1972 a
813 1919 901 1974 vobis
917 1920 1074 1987 volumus,
1094 1931 1123 1973 et
1135 1937 1202 1974 san.

152 2017 235 2061 ctum
252 2017 424 2061 sauctorum
441 2007 554 2061 haberi.
587 2007 639 2060 De
663 2007 806 2062 charitate
830 2017 933 2063 nostra
948 2008 1021 2063 nihil
1039 2025 1099 2063 non
1117 2026 1201 2079 prae.

150 2096 277 2164 sumite,
295 2087 383 2150 fidem
399 2112 473 2151 vero
489 2105 624 2152 nostrum
639 2113 791 2169 nunquam
805 2089 830 2165 ⁵)
848 2114 909 2152 uon
925 2098 1037 2153 timete.

215 2234 358 2289 Cardiuali
376 2245 428 2288 tuo
445 2251 505 2288 non
531 2234 740 2305 respondebo,
755 2225 781 2301 ⁶)
804 2236 885 2306 quod
908 2235 1038 2292 medium
1061 2236 1117 2290 iter
1140 2254 1200 2291 non

149 2316 295 2396 poterell
312 2336 393 2379 tutus
411 2324 565 2390 incedere,
582 2340 680 2394 neque
693 2323 809 2378 laudare
817 2364 827 2391 ‚
843 2341 942 2394 neque
955 2325 1122 2394 vituperare
1135 2326 1201 2378 sive

145 2413 352 2486 ‘sinceritatem
370 2412 433 2466 sive
450 2411 636 2482 hypocrisin.
650 2405 676 2477 ⁸)
701 2411 751 2466 Ex
767 2421 795 2466 te
809 2422 907 2466 nutem
919 2413 1059 2480 intelliget
1073 2414 1199 2469 Lntlteti

150 2503 298 2573 spiritum.
331 2499 397 2569 Ego
414 2491 440 2566 ⁹>
457 2499 507 2552 ubi
526 2499 562 2553 de
579 2498 750 2553 sinceritate
767 2515 819 2553 sua
837 2499 950 2554 certior
972 2502 1068 2556 sactus
1095 2504 1203 2571 fuero,

151 2608 212 2647 non
237 2591 369 2644 differam
391 2605 440 2642 me
465 2599 562 2642 totum
587 2589 768 2659 profundere
785 2600 813 2643 et
837 2591 987 2645 effundere
1004 2590 1042 2657 ¹⁰)
1057 2593 1091 2645 ad
1110 2594 1202 2663 pedes

153 2680 229 2749 ejus.
271 2679 362 2744 Vale,
388 2677 429 2730 mi
452 2676 586 2744 Fabrici,
612 2687 641 2732 et
664 2678 793 2732 animum
818 2694 919 2735 meum
942 2699 1002 2736 uon
1027 2682 1145 2736 dubites
1168 2686 1203 2749 ¹¹)

150 2777 220 2823 esse
237 2766 394 2821 candidum
412 2766 499 2823 inte.
516 2766 555 2832 12)
589 2766 652 2822 Res
671 2767 753 2838 ipsa,
778 2768 858 2822 sicut
878 2769 982 2836 vides,
999 2768 1036 2836 ὓ)
1053 2788 1155 2839 magna
1174 2785 1203 2827 et

152 2871 238 2909 sacra
261 2864 325 2922 est,
350 2854 399 2908 cui
415 2870 471 2908 uos
491 2854 578 2909 decet
599 2855 845 2923 accommodare,
871 2874 908 2912 ne
925 2859 1032 2913 fratres
1051 2872 1098 2916 aut
1117 2877 1204 2933 soro.

149 2960 200 2998 res
218 2943 285 3014 phts
303 2941 478 3011 diligamus,
500 2958 589 3012 (luam
606 2943 768 2998 Christum.
802 2943 853 3000 Ex
868 2944 981 3001 Eremo
992 2964 1082 3015 lmen,
1109 2948 1137 3001 in
1154 2949 1205 3001 dio

152 3032 295 3100 Antonii,
313 3048 389 3086 anno
406 3031 573 3088 MDXXII.

730 3161 818 3219 Tuus
836 3162 988 3219 Martinus
1006 3162 1168 3220 Luthcrus.

205 3574 226 3620 l)
245 3571 343 3618 Viteb.
365 3571 492 3627 insigniter
510 3571 607 3631 lneptls.
645 3572 668 3624 2)
686 3571 782 3619 vttet.
801 3582 819 3618 t.
839 3575 858 3619 t.
878 3574 949 3623 m·
961 3575 1007 3622 Sed
1022 3577 1102 3622 tamen
1118 3609 1202 3623 .......

154 3643 332 3690 taxabimuset.
359 3643 615 3695 livitcb.odcudat
624 3677 682 3690 .....
692 3647 942 3691 terram..tartamm.
972 3650 995 3700 t)
1010 3649 1104 3693 Auris.
1118 3652 1203 3695 verbo.

154 3719 176 3768 5)
192 3715 288 3761 Viteb.
303 3728 425 3774 nusquam.
464 3717 758 3774 ttvlteb.respondeo.
795 3719 818 3770 7)
837 3719 1080 3776 ν))ε).ρο)ιιοτίιιι.
1118 3723 1204 3775 sivi:

155 3788 212 3833 teb.
226 3800 245 3831 s,
256 3787 313 3845 hyp.
324 3787 410 3846 suine.
448 3791 470 3842 9)
485 3789 582 3834 vitet.
598 3792 621 3834 et
636 3800 690 3845 ogo.
729 3793 761 3839 tu)
775 3790 872 3837 Viteb.
887 3804 925 3836 me
939 3796 1016 3837 totum
1031 3806 1080 3839 nou
1094 3794 1202 3839 differam

157 3859 281 3906 effundere
295 3864 321 3906 et
333 3861 488 3916 profundere.
515 3866 547 3916 tu
562 3861 659 3908 vuer.
673 3873 704 3908 ue
718 3862 806 3911 dubita.
838 3865 871 3917 12)
884 3864 981 3912 viter.
996 3867 1064 3912 caud.
1074 3879 1127 3913 esse
1138 3867 1161 3912 in
1172 3871 1205 3912 te.

157 3935 190 3988 13)
204 3931 298 3978 Auris.
318 3933 399 3979 uideo.
