2574 4724
199 332 282 409 890x
679 336 770 404 162³.
843 374 848 383 ·

268 478 404 572 Quarto,
420 495 509 553 sicuti
520 495 701 573 praesentiae
717 478 864 552 hactenus
880 491 935 562 lia,
952 486 1003 566 qul
1019 488 1124 548 missit
1140 496 1169 548 et
1181 480 1256 560 rigi.

197 587 245 645 liis
270 588 481 655 interfuerunt,
506 585 680 643 distributae
706 595 776 643 aunt
800 596 830 641 et
855 584 1026 640 absentibus
1047 590 1192 654 negatae,
1216 580 1256 636 ita

198 678 291 734 modo
308 675 581 755 distribuanturvel
598 677 767 732 auferantur
783 675 836 745 iia,
854 675 903 748 qui
916 670 1097 730 lectionibus
1116 672 1255 729 interior.

197 766 258 825 rint
273 764 494 829 velddliaerint.
528 766 577 826 Sic
591 765 659 835 liet,
676 775 708 821 ut
718 762 893 838 praesentiis
910 764 969 819 trui
984 762 1102 836 poaeint
1120 760 1253 830 etiami,

198 857 250 931 qui
267 845 535 930 pli'dde'd'volunn
562 855 672 928 quibus
688 856 832 912 hactenus
850 867 957 920 nemu,
982 850 1039 908 nisi
1060 846 1173 922 impius
1190 868 1252 908 esse

196 948 289 1004 vellet
300 937 512 1018 ,iibiiiomitr
530 946 569 1002 ita
585 957 684 1002 tamn
702 946 765 1000 sine
779 961 870 1018 opere
886 945 935 1000 vei
955 942 1054 999 ollieic
1067 954 1161 999 neruo
1176 956 1251 998 nanc

131 1085 134 1088 Α
199 1038 334 1108 fruetur,
351 1037 402 1108 qui
420 1036 597 1092 lectionibus
614 1036 733 1091 scilicet
748 1035 908 1090 inservient
925 1031 1094 1088 liberaliter.
1113 1048 1118 1057 ·

265 1125 399 1202 Quinto,
416 1127 545 1181 clintum
563 1124 711 1181 minorem
726 1124 756 1179 in
774 1123 921 1196 quendem
939 1121 1075 1177 ordinem
1092 1120 1187 1201 redigi
1207 1130 1250 1176 aut

196 1232 326 1290 prorsus
338 1232 341 1237 ’
352 1214 463 1272 aboleri
480 1221 619 1284 oportet,
640 1221 673 1269 ut
696 1212 747 1286 qui
764 1224 888 1284 prorsus
913 1223 944 1268 et
960 1212 1060 1288 solnm
1076 1209 1143 1268 boc
1160 1211 1247 1282 cogit,

195 1315 232 1361 art
248 1304 391 1376 virginem
411 1303 537 1359 Meriam
554 1304 633 1360 colat
649 1302 852 1359 mediatricem
867 1301 938 1356 loco
946 1300 1089 1395 ⁸Christo.

265 1395 378 1465 Sexto,
403 1392 536 1450 festinet
562 1392 719 1449 dominicis
744 1391 848 1449 diebus
873 1408 931 1448 una
951 1391 1046 1451 mista
1062 1391 1248 1458 celebretur,

196 1472 488 1541 ‘communicantibus
505 1481 560 1550 iis,
582 1481 633 1555 qui
650 1481 758 1557 alioqui
775 1480 905 1540 libenter
919 1478 1072 1537 celebrare
1088 1480 1190 1538 solem
1205 1489 1249 1535 aut

199 1573 321 1630 vellent.
687 1636 690 1643 ¹

522 1722 526 1732 ,
620 1661 650 1718 R
669 1666 695 1716 A
711 1659 743 1718 T
761 1660 775 1714 l
793 1659 833 1718 Ο.

264 1751 371 1811 Primo
394 1752 432 1806 de
455 1751 559 1807 missa.
594 1748 687 1825 Quod
711 1751 773 1824 ipsa
790 1751 830 1807 ait
848 1766 945 1824 neque
963 1747 1143 1808 sacrificinm
1155 1767 1250 1822 neque

126 1910 143 1927 ⁹
197 1856 296 1911 opus,
322 1840 449 1913 probant
470 1840 563 1897 verba
588 1838 702 1897 Christi
728 1840 923 1908 instituentis,
950 1839 1056 1896 deinde
1071 1836 1250 1913 'exemplum

198 1930 338 2002 ipsorum
352 1932 569 2004 Apostolorum
579 1931 805 2004 primitivosque
816 1931 970 1988 Ecclesiae
982 1930 1087 1989 totius.
1111 1930 1251 2004 Denique

198 2031 363 2094 quaeratur
384 2022 420 2076 ab
444 2018 610 2099 misseris,
634 2021 702 2096 quie
725 2020 764 2077 alt
784 2036 857 2076 usus
879 2023 929 2078 vel
950 2020 1068 2077 inactus
1094 2022 1253 2078 missarum

198 2114 346 2169 auarum?
364 2112 392 2167 si
409 2112 555 2183 dixerint,
573 2128 628 2186 pro
645 2111 779 2185 peccaris
797 2110 948 2169 abolendis
965 2111 1013 2167 rel
1024 2111 1086 2168 Dei
1104 2113 1189 2168 culm
1205 2124 1252 2169 eet

198 2202 323 2271 baberi,
340 2203 496 2265 manifeste
514 2211 595 2276 petet
611 2203 761 2275 impietas,
780 2218 849 2257 cum
867 2202 958 2258 modo
974 2218 1068 2259 rmum
1085 2202 1125 2258 ait
1141 2200 1255 2260 saculi.

94 2342 99 2355 ,
200 2292 283 2348 cium
308 2309 362 2364 pro
385 2291 538 2351 abolendis
563 2293 715 2366 peccatis,
748 2308 856 2364 nempe
888 2292 1048 2361 cbristus,
1083 2293 1136 2366 qui
1161 2293 1255 2350 semel

200 2381 320 2438 oblatus
344 2391 407 2446 cst,
431 2383 516 2452 cujus
541 2396 647 2437 omnes
663 2382 823 2456 participes
842 2381 1010 2438 efficiuntur
1022 2398 1083 2438 non
1100 2385 1254 2454 operando

200 2484 300 2543 neque
324 2471 532 2540 sacrificando,
557 2472 611 2527 eed
637 2471 787 2528 credendo
813 2472 910 2528 solum
934 2468 1144 2545 perverbum.
1179 2473 1256 2531 Huic

202 2559 352 2614 sacrificio
376 2561 501 2630 addere,
525 2571 663 2633 tanquam
680 2577 740 2616 non
764 2559 939 2618 exhauserit
961 2561 1095 2619 omnium
1111 2574 1254 2635 peccata,

201 2647 410 2720 blasphemum
428 2661 483 2707 eat.
517 2651 579 2707 Stet
595 2651 684 2722 igitur
700 2651 861 2720 sententia,
884 2663 934 2708 aut
950 2653 1061 2709 Christi
1076 2665 1179 2710 morte
1193 2671 1255 2711 non

202 2755 270 2794 esse
293 2741 387 2796 deleta
404 2752 525 2814 peccata
542 2742 707 2815 praeseutia
731 2752 761 2797 et
784 2744 901 2811 littura,
925 2754 974 2798 aut
996 2743 1119 2799 missam
1140 2744 1254 2801 sacrifi.

201 2829 284 2885 cium
309 2840 449 2903 europus
474 2831 676 2905 propeccatis
701 2847 769 2887 esse
785 2849 846 2889 non
865 2848 967 2903 posse.
1004 2832 1067 2888 Usu
1089 2830 1171 2890 enim
1189 2835 1254 2891 iidei

199 2936 257 2994 per
271 2923 394 2976 misaam
416 2921 600 2989 exercitato,
622 2936 705 2976 mors
723 2919 832 2977 ebriari
855 2923 917 2975 sola
935 2932 1127 2997 pcccatorum
1145 2924 1254 2981 victrix

201 3021 232 3068 et
249 3010 356 3068 efficax·
371 3010 399 3068 ia
415 3010 506 3068 nobis
521 3012 579 3076 ait,
594 3022 770 3068 nouantem
786 3026 880 3084 opere
897 3023 946 3068 eut
963 3009 1126 3069 sacrificio.

267 3099 424 3170 Secundo,
449 3100 487 3155 de
502 3099 608 3170 vigiliis
627 3111 657 3158 et
673 3099 787 3156 Sanctia
804 3100 881 3157 baec
899 3111 946 3157 est
962 3101 1055 3170 ratio,
1076 3102 1160 3174 quod
1176 3103 1253 3179 peri·

199 3192 302 3247 culum
317 3191 354 3247 ait
371 3201 483 3248 tentare
500 3192 649 3266 quippiam
672 3191 701 3248 iu
717 3206 751 3248 re
768 3206 852 3247 sacra
878 3200 909 3246 et
933 3207 1036 3248 coram
1050 3191 1123 3249 Deo
1133 3232 1144 3262 ‚
1172 3193 1252 3266 quod

198 3291 317 3338 eertum
330 3280 532 3338 testimonium
543 3291 574 3336 et
588 3282 758 3354 exemplum
771 3281 801 3339 io
813 3280 974 3350 Scripturis
986 3299 1046 3338 nun
1058 3280 1164 3348 habet,
1183 3300 1252 3341 cum

195 3371 229 3430 ie
246 3371 300 3440 iia,
318 3387 394 3444 qnae
411 3380 492 3428 certa
509 3381 596 3441 aaut,
619 3373 692 3427 eatis
710 3372 746 3428 eit
763 3370 860 3429 adbuc
879 3370 1046 3442 imperfecti
1064 3381 1095 3426 et
1110 3373 1182 3430 meli
1200 3391 1251 3428 no.

199 3463 270 3518 titia
288 3472 316 3516 at
332 3463 369 3519 de
385 3462 512 3519 mortuis
528 3475 557 3519 ct
573 3463 684 3520 sanctis
698 3462 771 3519 nihil
788 3462 915 3519 babetur
930 3462 960 3518 in
973 3462 1147 3535 scripturis.
1181 3464 1251 3521 Ideo

199 3552 338 3627 quamvis
356 3553 472 3626 privato
489 3553 606 3609 affectui
623 3552 784 3628 spiritualia
800 3552 856 3608 viri
874 3552 1083 3622 indulgendum
1102 3553 1159 3623 sit,
1177 3565 1212 3609 ut
1223 3555 1251 3611 iu

198 3640 247 3699 bis
264 3657 321 3697 auo
338 3657 426 3700 amau
444 3642 587 3702 abundet:
604 3631 902 3700 ranen'maniteeram
920 3652 949 3697 et
966 3642 1119 3715 publicam
1135 3644 1251 3713 religio.

198 3744 269 3789 trem
286 3731 316 3788 io
332 3731 382 3789 bis
398 3733 525 3791 tolerare
542 3733 708 3803 nonlicet,
725 3741 849 3805 propter
864 3732 1037 3793 scandatum
1054 3733 1251 3802 ignorantium

200 3831 232 3878 et
247 3821 450 3894 infimorum,
477 3822 529 3894 qui
544 3821 607 3878 lruc
624 3823 742 3881 affluunt
760 3823 859 3879 relicta
876 3822 942 3882 lide.
975 3822 1095 3882 Deinde
1112 3835 1252 3900 suspecta

198 3921 432 3984 auersusque,
458 3913 542 3987 quod
563 3912 656 3982 siguis
678 3911 871 3970 mendacibus
894 3923 924 3973 et
940 3913 1061 3989 privatin
1078 3912 1252 3992 Scriptum

197 4000 373 4082 testimoniis
389 4002 554 4062 introducta
571 4010 651 4062 aunt.
