2574 4724
592 346 683 410 152³.
1104 343 1164 411 ³91

163 497 268 557 'Putet
283 499 382 573 itaque
399 489 512 558 cultum
530 493 612 558 hune
634 519 650 556 o
671 501 759 558 nobis
782 498 999 574 praescriptum
1016 497 1166 572 quondum

115 589 256 646 omnibus
284 591 461 647 Christitnis
488 591 578 646 fuisse
606 606 813 659 communem,
840 601 946 662 postes
973 579 1167 645 dilabentibus¹

114 680 236 750 populis
264 681 387 735 ministri
409 680 617 737 Ecclesismm
640 681 697 735 soli
722 690 753 736 et
776 681 878 736 Latine
903 697 973 736 eum
996 689 1166 735 tenuerunt.

115 766 195 823 Hinc
213 769 313 841 coepit
330 759 575 835 distinctioCleri
593 779 623 825 et
641 770 810 825 Loicorum.

180 858 294 914 Postea
310 860 416 929 majori
432 860 511 914 malo
528 859 697 915 communis
715 859 848 919 omnium
865 859 963 914 cultus
978 859 1007 916 iu
1018 859 1167 930 peculiare

117 947 275 1003 servitium
291 947 351 1003 Dei
368 957 509 1020 coeptum
526 959 573 1012 est
589 949 681 1014 verti,
705 957 737 1004 et
759 949 804 1004 sio
821 963 862 1003 ex
879 948 1054 1004 lectionibus
1072 958 1102 1004 et
1119 964 1169 1021 sy.

116 1037 187 1092 noxi
212 1053 291 1109 opus
314 1036 397 1106 lieri,
420 1037 589 1110 posthabite
611 1037 668 1093 lide
691 1047 721 1093 et
745 1039 921 1094 tructutiooe
944 1037 1047 1106 verbi,
1070 1039 1169 1094 donec

117 1143 189 1182 cum
206 1127 341 1184 omnium
358 1142 477 1183 summo
498 1128 577 1182 mulo
601 1136 633 1184 et
656 1129 763 1184 domoc
784 1138 911 1201 coeptus
933 1138 982 1184 est
1000 1130 1167 1186 communis

117 1216 216 1273 cultus
240 1217 362 1272 oClero
384 1216 466 1273 luicis
488 1217 597 1284 uendi,
620 1235 678 1314 pro
697 1218 827 1290 peccetis
851 1218 1032 1274 redimendis
1055 1228 1086 1274 ct
1106 1219 1169 1291 ple.
1243 1220 1245 1224 '

118 1305 212 1361 cando
228 1306 311 1361 Deo.

181 1398 230 1452 Sic
248 1398 398 1455 extinctus
415 1407 446 1458 et
461 1399 592 1456 sublatus
608 1415 686 1456 uuus
702 1399 849 1456 mediator
861 1399 1019 1456 hominum
1029 1399 1167 1458 Christus

116 1489 145 1543 in
162 1487 264 1542 locum
281 1505 369 1544 ouum
391 1488 508 1564 recepit
532 1489 622 1545 silum
644 1499 675 1546 et
697 1506 799 1546 arenas
822 1490 893 1548 istus
914 1491 1113 1551 melincotum
1137 1499 1169 1547 et

115 1581 360 1645 intercessorum.
395 1580 488 1656 Quod
504 1598 542 1635 ne
559 1581 658 1637 denuo
676 1582 807 1650 eveniat,
824 1599 922 1655 neque
939 1583 1049 1640 diutius
1066 1598 1168 1655 perse.

116 1681 217 1739 vetet,
242 1672 405 1725 curandum
427 1682 481 1726 est.
515 1670 673 1726 Cttrobitur
696 1683 795 1726 eutem
815 1673 894 1728 uulln
919 1673 973 1728 sliu
990 1674 1052 1741 ris,
1078 1690 1168 1747 quum

114 1759 280 1816 ministerio
298 1760 383 1816 verbi
402 1768 544 1815 revocato
561 1769 591 1815 et
607 1769 737 1816 servato.
771 1761 801 1816 Si
824 1760 974 1817 videbitur
994 1761 1046 1817 hic
1071 1763 1168 1820 cultus

119 1850 217 1905 renuis
235 1859 263 1903 et
281 1848 417 1903 sordidus
434 1866 505 1921 prae
523 1849 573 1904 illo
591 1849 693 1921 priore
709 1850 863 1923 splendido
876 1861 906 1907 et
917 1851 1011 1907 denso
1022 1851 1169 1910 hactenus

116 1937 237 2006 habito,
256 1946 407 2013 spectetur
422 1946 525 1993 contra
542 1946 574 1991 et
588 1954 679 2010 quem
696 1938 812 2007 tenuis,
827 1939 888 1996 imo
900 1939 973 1995 nihil
986 1941 1072 1996 luerit
1083 1941 1170 1998 curi.

115 2038 201 2094 stus,
219 2021 368 2096 'regnante
391 2026 468 2098 opud
482 2026 617 2087 ,Iudaeos
641 2027 690 2082 illu
706 2028 793 2100 copis
809 2025 979 2085 densissimi
998 2040 1028 2086 et
1043 2046 1170 2106 preepos

115 2116 273 2175 tenuissimi
297 2116 410 2172 cultus:
435 2130 539 2175 rursus
562 2133 651 2191 quam
666 2117 774 2190 plenus
791 2128 821 2175 et
837 2118 979 2176 robustus
994 2122 1114 2177 ulturus
1131 2123 1170 2178 sit

115 2207 257 2265 Christus
276 2207 305 2262 in
322 2206 380 2262 fide
397 2218 427 2263 et
444 2204 587 2261 charitate
604 2223 659 2280 per
673 2206 756 2262 hunc
772 2216 890 2263 tenuem
907 2209 1031 2266 cultum.

126 2320 131 2330 ·
180 2298 263 2355 Haeo
277 2296 368 2353 hebui
385 2296 496 2364 modo,
513 2296 616 2368 optimi
632 2297 712 2367 Viri,
730 2314 807 2370 quoe
823 2312 1031 2370 suggererem,
1048 2298 1167 2359 coetero

113 2393 144 2445 in
161 2388 269 2445 libellis
286 2387 361 2443 meis
378 2386 415 2463 tie
432 2387 513 2442 votis
531 2396 561 2442 et
577 2386 614 2442 de
630 2388 730 2444 missis
748 2390 876 2461 poterit,
895 2391 946 2465 qui
963 2391 1061 2461 volet,
1080 2393 1168 2451 letius

113 2480 224 2535 videre.
257 2478 408 2534 Dominus
427 2487 540 2545 autem,
567 2477 617 2548 qui
638 2477 733 2534 eluxit
756 2479 855 2535 denuo
877 2481 964 2536 nobis
986 2481 1015 2536 io
1039 2481 1168 2540 bonitate

115 2584 185 2636 suo,
207 2566 350 2622 illuminet
367 2578 395 2620 et
411 2566 553 2621 accendat
571 2567 661 2621 cortla
678 2577 798 2637 vestro,
822 2579 856 2624 ut
873 2571 1061 2639 cognoscetis
1079 2582 1109 2627 et
1126 2573 1168 2627 fs.

115 2658 197 2712 ciatis
224 2655 408 2712 voluntatem
434 2657 499 2726 ejus
527 2655 652 2722 bonam,
680 2656 848 2729 placentem
873 2669 961 2732 atque
988 2662 1166 2734 perfectam,

114 2749 214 2802 Amen
236 2755 294 2801 etc.
333 2744 383 2799 Ex
401 2744 554 2800 Coenobio
575 2755 703 2815 nostro,
728 2746 799 2803 ferie
821 2759 926 2820 quarto
947 2760 1018 2822 post
1039 2753 1167 2808 Assum

115 2836 228 2891 tionem
245 2831 586 2902 Martae,MDxx111.

838 2917 989 2975 Martinus
1006 2919 1131 2977 Luther.

147 3237 188 3296 19.
212 3226 345 3304 iturust.
916 3228 1130 3291 N⁰.Dllx111.

427 3357 475 3428 itu
497 3359 580 3432 litt.
602 3356 838 3439 otututtm.

110 3549 112 3551 ‚
164 3491 188 3541 u.
203 3490 354 3546 rottuutttrt
366 3490 419 3543 utut
439 3490 482 3546 tot
500 3501 524 3540 rt
535 3501 615 3548 uroru
627 3491 691 3540 rtorr
702 3492 806 3546 erutum
819 3489 999 3546 utmttteirit
1011 3490 1073 3543 utut
1085 3498 1162 3547 estut.

115 3561 202 3605 uotttt
215 3557 261 3604 um
274 3557 330 3610 stris
341 3559 453 3611 umortit‘tt
465 3557 529 3611 uest.

556 3669 711 3687 m

260 3737 590 3823 enuntiaremus.
615 3763 1015 3822 mutturermttcxxtm.

116 3871 227 3972 Gratia
250 3929 280 3973 et
302 3932 371 3990 pax.
406 3918 613 3987 Certumst,
637 3920 751 3992 optime
767 3917 914 3985 Nimius,
940 3919 982 3974 D.
999 3905 1162 3991 caeparum

115 4008 190 4080 opud
209 4022 257 4062 me
274 4007 457 4075 solicitasse,
483 4008 566 4080 quod
582 4017 614 4062 tu
628 4006 729 4081 petis:
755 4007 895 4065 seticum
910 4018 961 4065 res
975 4009 1162 4078 stutirem,
