2574 4724
603 299 692 365 1522.
1112 295 1175 364 247

127 470 186 512 aon
203 453 359 524 irridetur,¹
374 461 415 511 ne
430 455 466 512 ab
483 455 547 511 aula
565 457 705 527 quidem,
722 454 909 527 quantumvis
927 452 1040 525 egregia
1056 449 1182 520 simula,

125 546 212 601 trice.
245 545 355 618 Neque
373 547 451 600 enim
476 557 507 601 tu
532 547 584 601 tibi
608 547 652 601 sic
676 546 739 600 lieri
762 548 872 615 velles,
898 547 977 601 sicut
1001 545 1049 600 isti
1073 546 1174 600 iacere

126 634 257 705 cogitas,
280 635 403 707 jamque
420 636 449 690 iu
466 646 558 690 totam
574 637 670 704 legem
687 646 717 690 et
733 635 905 696 charitatem
923 649 1048 705 peccas,
1066 635 1094 688 in
1112 648 1173 705 quo

124 735 248 796 peccato
263 741 302 778 ue
318 734 349 779 te
364 725 457 796 patiar
472 725 589 797 perire,
615 736 696 779 certe
718 724 878 779 solicitudo
904 725 1029 778 fraterna
1048 723 1127 793 cogit
1143 734 1173 778 te

122 827 258 870 monere.
290 814 363 868 Non
380 824 425 869 est
442 813 517 868 bona
535 815 668 882 gloriatio
685 823 744 868 tua.

187 905 231 959 Aa
253 904 419 973 castiganda
445 916 492 960 est
516 906 587 973 (ais)
611 906 759 960 temeritas
784 914 813 960 et
836 904 1047 972 inconstantia,
1073 921 1110 960 ne
1134 905 1173 961 sit

124 994 247 1049 occasio
271 994 340 1049 mali
359 995 498 1066 exempli.
531 995 645 1049 Recte:
670 996 723 1048 sed
748 996 873 1064 primum
895 995 1070 1063 videndum,
1095 996 1172 1050 sitne

123 1083 275 1148 temeritas
292 1085 340 1137 vel
357 1083 458 1155 potius
475 1083 587 1154 pietas,
606 1100 681 1153 quae
698 1084 876 1153 castigetur,
893 1101 930 1137 ne
948 1083 1036 1138 etiam
1049 1083 1173 1138 occasio

122 1174 161 1230 sit
178 1173 247 1227 mali
264 1174 392 1244 exempli
410 1174 580 1244 plectendae
599 1174 782 1228 innocentiae
801 1184 830 1230 et
847 1175 973 1246 pietatis.
1004 1173 1062 1228 llic
1074 1184 1173 1229 autem

122 1265 217 1336 pietas
235 1263 265 1317 in
281 1279 370 1317 causa
386 1273 450 1331 est,
468 1264 549 1334 quod
565 1263 725 1318 missarum
742 1263 921 1337 impietatem
936 1280 993 1319 nec
1005 1264 1104 1318 subire
1116 1280 1175 1321 nec

123 1370 229 1408 curare
253 1354 366 1408 audeat.
399 1354 469 1407 Jam
484 1353 522 1407 sit
537 1354 704 1422 temeritas,
729 1369 799 1408 sane
817 1354 862 1408 sic
880 1354 1056 1422 castigetur,
1082 1363 1116 1409 ut
1133 1353 1173 1408 sit

124 1445 262 1512 castigata
287 1453 317 1497 et
340 1443 509 1509 emendata,
536 1459 597 1496 non
620 1455 650 1495 ut
673 1453 789 1497 maneat
813 1443 997 1512 incastigata,
1027 1455 1057 1498 et
1081 1444 1172 1499 irater

123 1533 278 1588 deseratur
294 1533 324 1587 in
338 1533 428 1601 malo.
459 1525 518 1587 Hic
536 1549 608 1586 vero
629 1533 654 1587 si
672 1543 750 1587 tanta
767 1533 907 1588 cruditate
929 1549 991 1587 rem
1008 1550 1172 1617 prosequa-

123 1625 183 1692 ris,
203 1622 357 1678 hominem
372 1640 434 1677 non
450 1623 541 1676 modo
558 1623 700 1693 spoliabis
719 1623 905 1693 sacerdotio,
931 1624 984 1677 sed
1001 1639 1029 1678 et
1046 1625 1171 1695 parenti.

122 1712 179 1769 bus
195 1712 258 1768 suis
275 1727 395 1766 summo
412 1713 510 1766 trades
528 1712 662 1782 periculo
680 1721 708 1766 et
724 1720 861 1768 extremo
879 1712 1002 1768 damno:
1020 1713 1170 1782 breviter,

121 1802 274 1877 perdidisti
299 1818 377 1856 eum.
410 1802 461 1857 Tu
479 1814 576 1857 autem
593 1802 689 1869 hanc,
717 1819 789 1869 oro,
814 1801 936 1857 audebis
954 1820 1064 1857 vocare
1082 1804 1171 1858 casti.

121 1903 218 1964 gatnn
228 1891 441 1957 temeritatem,
458 1891 508 1962 qui
521 1890 612 1946 doces
625 1890 828 1960 Evangelion?
844 1891 916 1946 Non
927 1891 966 1945 its
979 1892 1014 1945 de
1026 1903 1055 1947 tc
1067 1907 1168 1964 spero.

121 1984 177 2039 Sed
195 1992 280 2049 esto,
306 1981 389 2036 aliter
405 1982 504 2034 facere
520 1999 581 2036 non
599 1981 715 2050 possis,
738 1980 782 2035 sic
799 1981 878 2035 enim
894 1982 976 2036 aulae
992 1998 1061 2036 mos
1079 1990 1109 2038 et
1125 1983 1179 2037 in..

120 2073 240 2143 genium
258 2069 406 2140 Principis
423 2079 478 2125 est.
511 2069 627 2136 Audio,
653 2069 723 2139 quid
748 2086 818 2138 ergo
843 2070 915 2124 sacis
939 2070 968 2124 in
993 2071 1057 2125 aula
1080 2089 1172 2127 evan.

120 2143 245 2232 gelista?
277 2159 344 2214 Hoc
362 2159 441 2214 enim
457 2174 543 2228 agere
561 2158 652 2212 debes
669 2158 780 2226 verbo,
799 2168 833 2213 ut
851 2158 903 2213 ista¹
919 2174 987 2214 mos
1005 2169 1034 2214 et
1051 2161 1107 2215 tale
1124 2160 1168 2215 in.

120 2251 240 2320 genium
261 2266 323 2304 non
346 2249 401 2317 sit,
428 2259 477 2303 aut
499 2248 660 2302 certesiae
678 2258 726 2302 tua
742 2248 922 2303 conscientia
939 2248 996 2317 sit,
1022 2250 1083 2305 hoc
1100 2260 1166 2320 est,

117 2351 152 2398 ut
166 2339 266 2414 irnpio
276 2339 441 2394 &raamias
449 2345 613 2410 peccatum
624 2354 733 2407 suarm,
746 2345 776 2392 et
788 2337 931 2392 animam
943 2345 1032 2393 tuam
1043 2337 1166 2410 liberes,
1264 2388 1268 2394 .

119 2430 199 2487 sicut
214 2429 329 2486 Erech.
346 2428 403 2484 ΙΙΙ.
421 2428 534 2483 scribit.
569 2428 652 2496 Scis,
670 2443 758 2499 quam
774 2428 943 2499 potentibus
957 2429 1056 2486 verbis
1069 2447 1166 2486 meam

119 2520 309 2575 acerbitatem
323 2518 497 2573 monueritis
514 2534 570 2572 vos
588 2517 674 2571 aulici
691 2517 796 2572 toties:
815 2517 868 2572 sed
883 2534 961 2572 nunc
975 2519 1059 2586 vide,
1077 2537 1165 2591 quae.

119 2626 176 2676 so,
194 2608 317 2681 quidde
335 2608 422 2663 vobis
440 2608 626 2662 sentiendum
643 2607 698 2671 sit,
716 2624 752 2661 an
768 2625 828 2662 non
846 2608 882 2661 sit
899 2609 1044 2663 salubrius
1062 2611 1164 2682 impie.

117 2709 211 2755 tatem
229 2713 421 2770 exasperare,
439 2697 525 2750 etiarn
543 2712 612 2749 cum
629 2697 791 2750 multorum
805 2697 985 2766 offensione,
1003 2715 1090 2769 quam
1103 2701 1163 2771 pal.

117 2807 210 2863 pare,
228 2797 260 2842 ut
275 2798 410 2843 servetur
427 2803 483 2856 pax
502 2798 530 2839 et
549 2786 753 2857 tranquillitas.
789 2785 877 2861 Quod
896 2787 921 2840 si
934 2797 992 2842 tam
1005 2805 1037 2841 es
1050 2791 1161 2859 patiens

116 2884 148 2936 in
177 2878 350 2948 castigandis
380 2879 460 2930 aulae
489 2877 662 2943 affectibus,
695 2875 962 2947 incomparabiliter
989 2879 1161 2948 pejoribuS,

116 2986 206 3043 quam
224 2969 270 3022 vel
289 2967 377 3037 hujus
395 2966 606 3031 inconstantia,
623 2982 720 3019 nonne
739 2965 838 3035 inique
850 2966 985 3034 judicare
999 2967 1162 3036 deprehen.

116 3059 217 3116 deris?
251 3057 359 3128 Neque
384 3057 463 3110 enim
490 3063 598 3125 spero,
624 3055 668 3108 sic
694 3055 729 3108 de
748 3055 810 3108 aula
836 3057 884 3109 vel
910 3055 1054 3125 Principis
1080 3059 1162 3126 lapsu

116 3159 252 3216 tonares,
277 3145 351 3201 sicut
375 3147 410 3199 dc
428 3144 518 3215 hujus
536 3145 724 3200 inconstantia
741 3154 835 3199 tonas
872 3143 932 3198 Cur
948 3162 1018 3214 ergo
1036 3146 1108 3200 alius
1127 3163 1159 3201 es

117 3239 146 3294 in
163 3239 261 3304 hunc,
287 3252 375 3307 quam
393 3236 420 3289 in
439 3235 529 3289 illos?
553 3234 607 3288 nisi
626 3232 707 3304 quod
723 3251 783 3288 non
800 3235 921 3300 merita,
946 3235 999 3289 sed
1015 3253 1159 3306 personas

117 3340 245 3400 spectas.
279 3329 340 3381 Aut
357 3341 427 3394 ergo
447 3336 476 3378 et
493 3326 572 3377 hunc
591 3340 623 3377 ea
642 3325 775 3393 patientia
792 3334 821 3377 et
839 3320 980 3379 suavitate
998 3328 1161 3398 suscipias,

116 3436 172 3491 qua
190 3416 318 3488 suscipis
337 3416 446 3470 aulicos
465 3414 581 3485 lapsus,
606 3426 653 3468 aut
670 3415 765 3482 scito,
783 3415 932 3469 Christum
951 3425 1012 3476 ate
1030 3433 1159 3472 essere.

100 3507 278 3579 podismus.
545 3571 547 3574 Α
765 3561 768 3564 ,

178 3597 315 3651 Miseros
340 3610 415 3663 nos,
442 3594 491 3666 qui
515 3595 559 3648 sic
582 3611 638 3649 nos
663 3595 744 3667 ipsos
762 3595 896 3649 humanis
915 3588 1017 3651 officiis
1036 3610 1065 3652 et
1082 3599 1160 3654 sucis

116 3687 260 3753 fallimus,
286 3695 314 3739 et
340 3687 487 3740 occultam
509 3684 592 3739 istam
609 3685 755 3740 charitatis
773 3684 946 3740 christianae
964 3687 1161 3743 omissionem

115 3793 175 3829 non
202 3776 392 3829 advertimus.
432 3776 494 3830 Res
523 3774 642 3828 fratrum
670 3776 798 3843 gerimus
824 3776 944 3844 frigide,
974 3776 1032 3830 imo
1061 3777 1157 3848 impie.

115 3866 175 3918 Cur
191 3864 274 3919 hoc?
303 3865 369 3936 quia
386 3866 429 3918 sic
448 3865 597 3933 gerimus,
623 3864 704 3936 quasi
722 3865 829 3933 aliena,
855 3883 914 3920 uon
939 3867 1021 3936 quasi
1047 3878 1165 3933 nostra.⁴

114 3955 155 4007 At
179 3953 307 4010 charitas
334 3965 437 4010 contra
461 3955 552 4010 aliena
577 3965 609 4011 ut
633 3968 685 4012 sua
702 3965 801 4022 curat,
827 3955 903 4012 sicut
927 3955 1070 4028 scriptum
1096 3967 1157 4012 est:
