2574 4724
78 1188 80 1193 ¹
123 1226 126 1231 ⁴
148 1203 152 1210 ’
188 1200 313 1264 tollere..

189 271 195 297 l

130 340 133 345 ¹
177 306 258 395 'sss
674 286 765 395 teas.

191 485 302 558 quibus
314 482 414 541 subito
424 483 514 540 eximi
527 482 694 555 non'potuit
709 487 770 540 rain
780 490 868 540 vetus
885 489 915 539 et
929 484 1064 552 insolita,
1077 474 1139 540 nec
1154 484 1261 541 lusori·

191 582 252 630 tam
270 588 376 629 recens
393 584 423 629 et
439 573 551 629 insueta
569 574 641 636 ratio
659 573 775 629 colendi
792 573 870 642 Dei,
892 584 957 628 tum
973 574 1105 628 maxime
1123 582 1256 646 propter

192 660 274 719 leves
290 660 358 718 illos
376 674 405 718 et
420 663 591 719 fastidiosos
608 663 747 736 spiritus,
768 663 819 735 qui
835 680 891 717 ceu
908 678 977 717 sues
995 662 1256 719 immundae-sine

192 750 261 820 dde,
280 752 343 806 sine
359 763 460 808 mente
477 753 604 821 irruunt,
623 763 652 808 et
669 753 755 808 solita
771 752 901 808 novitate
918 751 1056 822 gaudent,
1079 761 1180 823 atque
1192 763 1256 808 sta.

190 841 245 896 tim
268 851 301 897 ut
318 843 437 898 novitas
462 856 531 898 esse
553 843 658 912 desiit,
683 852 832 899 nauseant.
867 841 939 916 Quo
960 839 1069 912 genere
1085 840 1255 899 hominum

124 946 127 950 ’
193 948 264 1000 cum
281 932 310 986 in
327 932 418 988 rebus
433 932 558 988 caeteris
576 931 649 987 nihil
667 943 713 987 est
729 931 897 1000 molestius,
916 941 979 986 tum
996 931 1024 985 iu
1042 929 1137 986 rebus
1155 931 1251 989 sacris

191 1032 262 1078 sunt
284 1022 486 1078 molestissimi
510 1032 540 1078 et
565 1020 780 1077 intolerabiles:
805 1022 960 1094 quamvis,
981 1029 1014 1075 ut
1033 1023 1250 1092 rumpes-ira,

191 1097 283 1191 ferre.
294 1111 362 1167 illos
380 1127 492 1182 cogor,
517 1111 572 1166 nisi
589 1111 680 1166 velim
705 1120 734 1166 et
750 1109 949 1180 Evangelium
964 1110 1063 1182 ipsum
1086 1127 1104 1165 e
1122 1111 1251 1183 publico

256 1292 312 1346 Sed
337 1307 408 1345 cum
428 1291 492 1360 jam
509 1305 578 1362 spes
595 1290 653 1357 sit,
677 1289 841 1345 multorum
864 1288 955 1344 corda
973 1304 1027 1360 per
1042 1282 1176 1359 gratiam}
1187 1289 1249 1345 Del

188 1380 331 1438 illustrata
348 1396 414 1435 esse
431 1393 462 1434 et
471 1378 626 1447 roborata,
645 1378 767 1451 ipsaque
779 1395 828 1434 res
841 1389 964 1450 poscat,
979 1387 1013 1433 ut
1028 1377 1150 1433 tandem
1163 1393 1249 1434 scau.

188 1471 252 1526 dala
264 1471 406 1526 tollantur
417 1469 453 1524 de
465 1485 557 1538 regno
570 1468 700 1538 Christi,
717 1469 883 1524 audendum
895 1478 941 1523 est
953 1467 1065 1540 aliquid
1082 1467 1112 1523 in
1125 1469 1248 1523 nomine

189 1560 310 1615 Christi.
343 1551 467 1615 Justunl
484 1568 530 1614 cst
547 1557 646 1624 enim,
670 1566 705 1612 ut
721 1558 769 1612 rel
786 1558 888 1628 paucis
905 1557 1113 1621 consulamus,
1135 1558 1248 1613 nedum

186 1660 331 1722 perpetuo
343 1648 494 1703 levitatem
512 1656 541 1702 et
558 1647 683 1703 abusum
697 1646 817 1703 illorum
829 1647 1043 1715 formidemus,
1060 1647 1152 1702 nullis
1164 1664 1248 1719 pror.

188 1751 241 1796 sus
260 1737 472 1805 consulamus,
490 1745 520 1792 et
537 1737 607 1789 dum
625 1737 750 1791 istorum
769 1737 867 1791 futura
884 1736 1019 1790 scandala
1037 1752 1148 1792 cavere
1161 1736 1248 1794 volu.

186 1844 273 1896 mus,
291 1828 445 1883 universas
464 1825 698 1880 abominationes
717 1825 835 1882 illorum
852 1825 1041 1880 roboremus.

254 1917 356 1992 Quare
373 1916 410 1970 de
427 1910 554 1969 formula
572 1910 665 1985 aliqua
681 1913 728 1985 pia
744 1912 885 1969 missandi
904 1914 950 1973 (ut
966 1912 1092 1980 vocant)
1113 1925 1146 1971 et
1163 1932 1249 1971 com.

185 2007 369 2074 mulcandi,
386 2014 421 2060 ut
437 2016 467 2060 et
482 2002 682 2075 tupostulasti
699 2002 804 2071 toties,
822 2002 933 2074 optime
947 2002 1090 2071 Nicolae,
1107 2020 1246 2074 agemus,

187 2112 222 2152 ac
237 2096 281 2152 sio
302 2103 442 2166 agemus,
467 2104 578 2149 utnon
602 2091 725 2162 amplius
749 2093 848 2146 solum
868 2091 964 2147 verbo
982 2093 1133 2149 doctrinae
1152 2096 1249 2150 corda

187 2201 341 2259 regamus,
367 2185 421 2240 sed
437 2176 557 2239 manum
575 2197 696 2255 quoque
714 2197 914 2254 apponamus,
939 2191 967 2236 et
983 2182 1101 2255 publica
1121 2186 1250 2242 admini-

188 2277 331 2334 stratione
355 2277 385 2330 in
411 2290 487 2345 opus
505 2274 722 2345 perducamus,
747 2271 820 2326 nulli
843 2288 965 2344 prorsus
983 2273 1249 2346 praejudicantes,

186 2385 224 2424 ne
243 2367 327 2421 aliam
343 2364 479 2435 amplecti
499 2376 528 2417 et
539 2365 624 2434 sequi
637 2361 731 2417 liceat.
766 2361 848 2434 Quin
865 2378 904 2417 ex
917 2362 1014 2417 animo
1027 2379 1080 2433 per
1091 2364 1251 2421 Christum

188 2456 399 2521 obsecramus,
419 2462 450 2506 ut
467 2453 491 2507 si
509 2452 579 2522 quid
593 2449 696 2505 melius
715 2449 772 2504 illis
790 2451 953 2504 revelatum
970 2453 1073 2517 fuerit,
1090 2468 1147 2508 nos
1167 2458 1251 2525 prio.

186 2534 237 2601 r'es
250 2543 489 2614 tacerejubeant‚
505 2551 536 2596 ut
548 2539 696 2596 communi
709 2556 800 2611 opera
813 2556 876 2594 rem
888 2541 1249 2613 commuuemjuvemus.

632 2697 787 2713 -—

201 2817 207 2824 '
252 2809 383 2864 Tantum
399 2806 509 2874 habui,
534 2807 642 2878 optime
659 2805 804 2873 Nicolatl,
826 2807 907 2878 quod
930 2807 966 2862 de
991 2815 1109 2863 nostrae
1126 2808 1251 2866 Witen.

187 2899 341 2969 bergensis
353 2896 509 2952 Ecclesiae
523 2895 626 2950 ritibus
645 2906 672 2948 et
690 2895 887 2963 ceremoniis,
904 2896 1009 2966 partim
1021 2895 1085 2965 jam
1103 2897 1248 2955 institutis

189 3008 224 3047 ac
242 3005 335 3062 prope
353 2988 430 3042 diem
443 2985 580 3051 (Christo
597 2984 732 3051 volente)
744 2986 1003 3054 consummandis,
1022 2987 1056 3040 ad
1070 2995 1097 3040 te
1115 2991 1249 3058 peracri.

188 3081 310 3145 berem,
332 3079 417 3148 cujus
435 3075 604 3145 exemplar,
622 3074 647 3128 si
664 3074 712 3127 tibt
730 3083 760 3128 et
776 3074 839 3128 aliis
857 3075 1014 3144 placuerit,
1039 3077 1144 3131 imitari
1156 3079 1247 3137 licet.

190 3171 241 3227 Sin
257 3170 374 3234 minus,
393 3164 522 3225 unctioni
540 3163 667 3228 libenter
682 3163 784 3217 locum
803 3163 951 3234 dabimus,
969 3167 1060 3238 parati
1077 3167 1195 3224 avobis
1215 3178 1247 3224 et

190 3259 344 3334 quibusvis
363 3257 425 3310 aliis
443 3254 647 3311 commodiora
664 3254 809 3325 accipere.

257 3348 326 3403 Nec
342 3362 397 3401 vos
414 3356 462 3399 aut
479 3343 601 3415 quosvis
620 3343 691 3396 alios
709 3342 887 3409 absterreat,
911 3346 991 3416 quod
1010 3345 1158 3402 innostra
1176 3349 1246 3405 Vl'i.

188 3437 328 3505 teuberga
352 3433 449 3491 adhuc
470 3440 642 3504 perseverat
659 3431 806 3502 Topheth
823 3431 869 3486 illa
886 3434 1045 3504 sacrilega,
1063 3452 1138 3506 quae
1155 3436 1246 3493 Prin.

189 3529 288 3600 cipum
307 3524 450 3586 Saxoniae
476 3522 563 3594 impia
588 3531 617 3576 et
639 3523 752 3592 perdita
773 3521 898 3590 pecunia
922 3533 984 3591 est,
1009 3525 1154 3598 templum
1172 3529 1246 3585 dico

190 3619 333 3679 Omnium
357 3617 542 3668 Sanctorum.
576 3611 656 3666 Nam
680 3622 791 3665 tantum
817 3622 862 3664 est
884 3611 1044 3669 miserente
1069 3615 1140 3670 Deo
1164 3619 1246 3689 apud

139 3713 140 3716 ’
189 3726 246 3765 nos
264 3705 384 3762 antidoti
400 3721 455 3776 per
467 3704 622 3773 copiosum
638 3700 765 3754 verbum
775 3701 853 3769 Dei,
871 3711 903 3756 ut
915 3703 1005 3775 pestis
1023 3704 1070 3759 illa
1087 3705 1116 3760 in
1131 3711 1242 3778 angulo

189 3815 245 3859 suo
267 3797 427 3864 languens,
451 3808 512 3845 non
534 3790 589 3845 nisi
611 3788 667 3844 sibi
692 3788 749 3859 ipsi
775 3788 917 3858 pestilens
939 3791 987 3846 sit.
1020 3793 1161 3865 Denique
1178 3799 1242 3869 ¹uix

188 3897 248 3943 tres
271 3898 318 3939 aut
335 3895 461 3954 quatuor
478 3879 563 3951 porci
587 3889 616 3932 et
633 3888 759 3941 ventres,
772 3890 840 3933 sunt
862 3880 892 3933 in
920 3881 983 3952 ipsa
1003 3882 1048 3936 illa
1065 3885 1241 3955 perditionis

187 3979 297 4045 domo,
320 3973 371 4049 qui
387 3972 544 4048 pecuniam
566 3968 645 4027 illam
662 3968 780 4037 soluat,
802 3969 927 4027 caeteris
949 3971 1088 4032 omuibus
1104 3974 1192 4032 simul
1210 3987 1241 4035 et
