2574 4724
622 339 713 404 1521.
874 404 877 414 ,
1157 314 1198 418 ‘39

139 506 196 555 tut
210 496 545 571 niaiimpoeeibilitatem
559 498 643 569 ejur,
659 500 870 574 consensitque
886 503 912 557 ei
930 511 989 557 tota
1001 501 1151 571 Ecclesia,
1168 517 1197 560 et

141 590 210 661 ipse
226 598 323 661 pom
339 604 412 644 cum
430 588 565 658 gentibue
583 589 701 644 edebat:
719 592 771 646 sed
783 600 901 646 rursum
917 593 975 646 hoc
988 593 1097 660 obstat,
1114 596 1197 665 quod

144 696 210 734 non
235 678 385 735 autoritate
407 679 544 750 propria,
573 678 634 733 imo
659 680 695 736 de
720 681 807 736 coelo
824 680 927 735 habuit
943 682 1131 748 mandatum,
1158 701 1196 739 ne

145 769 216 841 quid
229 768 417 825 immundum
434 769 573 835 duceret,
598 769 626 823 id
644 782 708 836 eet,
725 771 820 840 legem
838 789 897 825 non
916 787 980 826 ease
998 775 1196 827 necessariam

142 858 293 927 genabum
322 869 424 914 temen
441 859 501 914 hnc
519 858 631 930 absque
648 861 771 916 oraculo
787 861 902 928 intulit,
924 878 978 916 nec
996 861 1050 916 sibi
1066 880 1122 919 nec
1139 861 1195 916 Ju.

140 950 218 1004 dreis
239 965 312 1005 esse
330 952 548 1015 neeessariam,
576 949 739 1005 libertatem
763 950 851 1005 etiam
875 949 931 1005 ribi
956 952 1113 1006 vendicans
1129 953 1194 1021 iege

141 1048 282 1108 onerato,
304 1056 361 1112 per
377 1039 549 1111 exemplum
565 1040 706 1109 gentium.

200 1130 341 1187 Rursum
359 1128 474 1199 cogito,
499 1130 547 1201 qui
571 1129 658 1184 filiam
676 1128 813 1184 Abrahae
829 1128 993 1200 colligatam
1016 1131 1051 1183 ⁶0
1066 1132 1148 1186 annia
1164 1134 1194 1188 in

140 1218 262 1275 sabbato
277 1218 413 1275 curavit:
438 1219 509 1291 quid
532 1219 555 1274 ai
573 1227 602 1273 et
618 1217 668 1273 hic
686 1219 829 1274 incurvati
846 1220 902 1273 sint
918 1236 972 1290 per
988 1219 1138 1289 Seianam,
1163 1232 1194 1277 et

140 1310 241 1364 uitem
260 1324 371 1378 magna
398 1322 466 1379 para
492 1310 679 1374 voventium,
705 1309 776 1362 dum
800 1308 931 1363 nondum
947 1307 1073 1379 probato
1089 1310 1192 1379 spiritu

140 1399 278 1454 voverint
294 1413 334 1453 ex
352 1412 409 1452 auo
425 1398 473 1451 vel
491 1399 611 1453 Satanae
628 1398 765 1453 fervore?

186 1488 324 1545 Prorsus
340 1486 415 1541 mihi
433 1485 566 1540 omnium
577 1486 698 1541 istarum
716 1502 815 1541 rerum
832 1485 933 1542 dilutio
952 1487 1045 1557 aliqua
1058 1485 1192 1542 facillima

143 1577 288 1643 creditur,
305 1575 360 1631 aeti
376 1592 452 1648 quae
468 1575 602 1630 nondum
618 1586 753 1646 appareat
768 1575 863 1631 nobis.
897 1576 925 1630 Si
951 1577 1028 1629 enim
1054 1575 1191 1631 Christus

143 1684 282 1741 praesens
299 1676 399 1733 esset,
425 1684 485 1721 non
509 1666 629 1734 dubito,
649 1666 769 1720 ridicula
787 1665 839 1721 Ista
856 1665 1047 1731 dissolveret,
1063 1678 1191 1737 votaque

144 1757 268 1813 irritaret
281 1756 394 1822 omnia,
410 1755 615 1827 neminemque
627 1755 735 1810 sineret
747 1765 882 1810 votorum
894 1755 1090 1811 involuntario
1101 1768 1192 1810 onera

146 1849 254 1918 premi,
272 1863 346 1903 cum
362 1845 400 1901 ait
415 1847 543 1901 aaivator
559 1857 588 1901 et
605 1847 762 1917 episcopus
779 1848 953 1902 animarum:
971 1855 1003 1900 ut
1015 1862 1105 1916 prope
1117 1844 1189 1899 milti

148 1938 192 1993 hic
204 1937 342 1993 fibertate
358 1936 476 2006 spiritus
494 1936 633 1991 utendum
649 1950 713 1991 ease
732 1937 876 2003 videatur,
892 1946 921 1990 et
930 1935 1192 2006 perrumpendum,

150 2026 284 2099 qn'equid
300 2025 446 2081 obstiterit
464 2025 550 2079 satuti
566 2026 738 2080 animamm.

207 2116 323 2188 Neque
341 2115 419 2171 enim
443 2117 505 2186 ipse
524 2115 665 2170 hactenus
683 2116 743 2170 uilo
762 2115 902 2181 oraculo,
930 2115 989 2168 ullo
1006 2113 1108 2182 signo,
1131 2113 1191 2169 aiio

152 2208 318 2264 tettimonio
342 2206 483 2279 ostendit,
505 2218 571 2262 sese
592 2207 721 2263 vovendi
744 2205 807 2260 hoc
831 2206 966 2276 placitum
976 2190 1092 2260 itabere
1109 2219 1194 2258 acce.

152 2308 244 2369 ptum
271 2307 302 2352 et
317 2312 367 2352 rea
383 2298 467 2369 piane
483 2297 647 2367 periculosa
662 2298 715 2362 ait,
742 2295 804 2351 hoc
820 2297 921 2367 sequi,
939 2284 1017 2366 quod
1036 2294 1116 2348 iliutn
1133 2310 1194 2349 non

154 2388 312 2445 eonaiterit
328 2387 390 2442 utto
406 2388 498 2465 mado
515 2386 659 2458 probare,
677 2386 805 2441 maxime
823 2401 892 2440 cum
910 2395 953 2440 tot
970 2384 1081 2446 animae
1097 2383 1193 2454 perire

154 2478 249 2534 inritas
277 2487 310 2532 et
336 2479 502 2533 necessario
528 2478 696 2542 videamur,
723 2477 829 2548 quibus
858 2477 925 2530 aiiaa
952 2476 1061 2546 optime
1079 2483 1195 2545 poterat

153 2570 279 2638 consuli,
308 2567 334 2622 si
358 2567 418 2622 hoc
444 2567 545 2620 incerti
571 2567 665 2621 meriti
684 2578 786 2621 votum
803 2584 862 2620 non
880 2576 964 2620 esset.
999 2565 1109 2620 Nonne
1136 2565 1194 2619 hoc

144 2672 190 2712 >est
206 2675 331 2714 currere
349 2658 378 2712 in
395 2658 557 2713 incertum?
575 2673 672 2711 nonne
690 2664 787 2711 acrem
804 2673 902 2726 pugno
917 2655 1095 2710 verberare?
1115 2655 1195 2725 Quin

155 2764 216 2820 ergo
232 2764 411 2804 revocamus
429 2753 570 2802 cursum?
974 2760 978 2767 ’

210 2839 337 2894 Accedit
354 2839 388 2891 act
405 2838 466 2891 hoc
484 2846 683 2904 argumentum
700 2835 772 2890 mihi
789 2852 943 2904 magnum,
969 2834 1047 2904 qnod
1065 2834 1125 2887 hoc
1142 2850 1196 2892 ro.
1209 2828 1220 2835 ”

157 2937 212 2983 tunt
228 2945 384 3000 nunquam
409 2939 453 2981 est
472 2927 626 2996 probatum
651 2927 721 2980 infra
749 2923 778 2978 tt
795 2941 886 2979 annos
905 2925 990 2976 etiam
1008 2924 1080 2993 apnd
1098 2922 1194 2976 homi.

155 3036 217 3087 nes,
245 3030 279 3071 ut
298 3018 409 3072 scilicet
425 3032 527 3071 votum
545 3017 573 3071 in
590 3027 680 3070 totam
697 3016 784 3068 vitam
800 3016 837 3067 sit
854 3014 995 3068 illicitum.
1030 3011 1104 3083 Quis
1122 3028 1194 3065 vero

97 3134 99 3141 ·
156 3121 245 3164 certos
261 3109 340 3174 facit,
358 3109 438 3179 quod
456 3118 522 3177 post
540 3104 672 3160 tirannos
688 3120 818 3176 unqtttm
836 3105 928 3158 valeat
945 3103 972 3156 in
987 3113 1075 3178 rotant
1088 3102 1195 3155 vitant?

97 3212 104 3277 g
158 3198 236 3254 Deus
254 3210 352 3254 tacet:
368 3199 463 3253 homo
481 3198 583 3253 nescit.
617 3197 750 3252 Miseros
768 3211 823 3249 nos
834 3235 843 3262 ‚
860 3195 909 3266 qui
926 3195 968 3247 sie
987 3193 1014 3247 in
1033 3193 1139 3244 incerta
1157 3191 1196 3244 fe.

156 3289 259 3357 rimur,
284 3302 315 3343 et
338 3306 393 3359 pro
416 3289 506 3343 certis
532 3306 564 3342 en
588 3289 757 3358 sequimur:
783 3296 816 3337 ut
840 3285 899 3338 hoc
924 3283 1010 3336 etiarn
1029 3291 1197 3347 argumento

97 3424 99 3447 ,
153 3380 335 3435 temerarium
354 3391 384 3434 et
400 3381 470 3434 Deo
490 3381 630 3446 ingratum
648 3394 711 3431 esse
731 3376 877 3440 videatur,
895 3374 944 3446 qni
962 3383 1007 3426 est
1023 3373 1107 3425 Dein
1126 3386 1199 3423 cotr-

157 3470 204 3523 titii
220 3481 248 3523 et
264 3470 401 3524 scientiae
418 3471 465 3535 ¹),
482 3485 541 3522 non
560 3467 646 3522 Deus
664 3466 834 3521 temeritatis
852 3476 882 3518 et
899 3462 1074 3532 ignorantiae
1093 3472 1140 3512 aut
1157 3462 1199 3513 in.

97 3556 100 3609 ἶ
156 3560 341 3615 certitudinis.
375 3559 482 3624 Vides,
512 3558 625 3628 quantis
642 3574 747 3626 urgear
765 3554 942 3619 rationibus,
969 3562 1117 3607 ettamen
1143 3559 1200 3604 sta.

97 3650 99 3659 '
156 3662 231 3704 tuere
254 3652 284 3704 in
300 3649 497 3702 hisnondnm
520 3648 640 3702 feliciter
657 3661 797 3718 possunt,
826 3644 880 3698 nisi
899 3642 977 3714 quod
991 3643 1094 3711 jurare
1112 3656 1200 3694 cona.

156 3750 212 3793 tum
230 3750 365 3794 restrum
384 3739 467 3792 vaide
485 3738 611 3808 cupiam.

200 3979 219 4025 t>
234 3973 329 4020 Auris.
345 3971 447 4025 scienti,
460 3970 640 4023 tatitridttttttit‘a
653 3967 807 4021 ‘crucienter
