2574 4724
195 352 235 411 ts
676 347 766 414 1521.

183 513 310 558 tomum
328 520 427 559 meum
445 506 481 560 sd
498 513 525 561 te
543 488 674 562 mittere:
690 525 751 562 uun
768 522 853 566 eum.
871 504 920 578 qui
937 503 1102 575 linguarum
1113 501 1246 576 peritiam

195 595 401 652 csiumnietur:
434 596 561 650 concidit
585 598 661 651 enirn
688 597 740 652 iste
763 594 985 650 desbibedobus
1010 595 1119 649 virtute
1146 592 1245 648 Abisai

194 686 306 750 nestri,
322 702 359 740 ue
377 684 446 757 quid
464 697 591 740 metuast
608 686 660 740 sed
678 702 734 743 nec
752 703 838 752 eum,
865 686 915 756 qui
932 682 1065 754 malignis
1081 683 1245 739 modestiae

193 773 267 829 fucis
285 784 314 829 et
330 774 513 844 inauspicatis
531 790 642 829 vocum
658 774 796 830 versutiis
810 773 1038 829 Lovaniensium
1053 771 1246 845 incendiario.¹

193 879 259 916 rum
277 863 388 917 crimen
411 879 496 931 serus
512 872 650 935 patronus
666 861 827 934 justificet,
853 878 943 936 quem
969 869 998 917 te
1021 862 1113 917 credo
1137 860 1244 916 vidisse

194 951 346 1008 hominem
368 951 480 1008 sciiicet
505 953 677 1023 gloriantem
704 953 731 1007 in
751 953 885 1008 Domino
901 952 982 1023 Papa
1003 962 1034 1007 et
1058 949 1140 1006 buiia
1164 949 1245 1019 ejus:

193 1059 261 1097 eum
279 1053 377 1098 autem
390 1042 487 1111 mitto,
504 1043 552 1114 qni
567 1041 736 1098 Lutheraao
745 1042 853 1098 februo
871 1041 1007 1097 lustratus
1024 1042 1123 1096 mitius
1133 1039 1244 1097 bahem

193 1132 310 1186 videtur
325 1149 341 1185 a
358 1132 461 1186 lamiis
473 1142 504 1186 et
521 1132 700 1198 lemuribus,
727 1130 835 1202 quibus
852 1130 996 1186 hacteuus
1013 1130 1133 1200 agitatus
1158 1130 1245 1201 agita.

193 1237 285 1293 reque
301 1221 406 1278 solitus
422 1231 468 1276 est
486 1222 529 1292 pia
547 1222 646 1276 corda.
680 1221 708 1276 Si
724 1220 802 1275 itanc
821 1221 963 1276 rationem
981 1222 1011 1276 in
1027 1232 1165 1292 tempore
1180 1220 1246 1275 red.

193 1312 350 1377 didissent,
380 1318 410 1364 et
434 1321 498 1364 ante
522 1311 647 1376 factum,
675 1321 706 1365 ut
729 1309 852 1364 decebat
872 1308 1020 1381 sapientes
1047 1309 1121 1365 istos
1144 1309 1245 1379 viros,

192 1399 426 1455 consuluissent:
443 1398 558 1457 libellos
575 1415 659 1453 meos
677 1416 774 1471 neque
792 1399 982 1454 damnassent
997 1414 1095 1471 neque
1112 1398 1244 1455 exussis-

194 1499 279 1554 sent,
305 1505 401 1560 neque
418 1506 497 1544 nunc
513 1474 671 1543 stultorum
689 1505 773 1544 more
791 1496 858 1559 post
874 1488 983 1551 factum
999 1489 1121 1545 demum
1137 1504 1245 1545 consu.

192 1577 307 1644 ierent,
324 1590 438 1632 tantum
455 1593 503 1631 me
520 1593 607 1648 spero
625 1578 796 1632 effecturum
808 1578 907 1632 fuisse.
942 1577 1015 1632 Satis
1026 1592 1076 1632 me
1088 1577 1177 1634 docet
1188 1579 1245 1634 boc

192 1666 268 1720 libro
288 1667 451 1733 Latomus,
466 1681 554 1737 quam
572 1666 653 1719 facile
671 1667 756 1722 inerit
774 1666 827 1722 iliis
847 1666 964 1721 absente
981 1665 1116 1722 Luthero
1140 1666 1171 1722 iu
1186 1669 1245 1723 suis

192 1755 306 1824 angulis
323 1755 448 1823 garrire:
473 1753 535 1809 hoc
552 1768 596 1808 est
612 1752 814 1820 haereticum,
829 1750 890 1807 hoc
907 1765 953 1810 est
969 1771 1148 1825 erroneum,
1165 1757 1244 1829 quod
1267 1816 1270 1823 ,

192 1846 221 1899 in
240 1845 358 1914 publico
375 1843 461 1898 nuliis
485 1844 551 1898 freti
568 1843 679 1898 viribus
697 1844 759 1898 susi
776 1845 900 1898 fuissent
917 1845 1069 1915 attingere.
1104 1846 1245 1921 Denique

190 1935 355 2004 persuadeo
373 1931 464 1999 mihi,
479 1950 539 1988 non
557 1933 646 2004 fuisse
664 1950 793 2004 unquam
811 1933 994 2003 prodituram
1010 1933 1088 1989 hane
1100 1936 1244 2005 egregiam

191 2026 355 2089 terionem,
381 2021 435 2077 uisi
454 2021 531 2076 buiia
549 2021 681 2077 fiduciam
700 2022 764 2091 ejus
782 2021 925 2089 inflasset,
951 2040 1009 2095 qua
1032 2024 1176 2092 gloriatur
1190 2022 1243 2081 Le.

192 2124 289 2167 tonius
307 2128 392 2166 suum
416 2112 523 2167 factum
541 2113 783 2182 comprobatum,
808 2112 959 2167 somniatus
983 2113 1080 2167 adhuc
1097 2113 1243 2170 bullarum

191 2204 323 2273 antiquos
341 2203 563 2274 antiquatosque
582 2211 729 2277 terrores,
756 2212 844 2274 atque
861 2202 930 2257 binc
947 2201 1051 2258 orbem
1072 2219 1129 2263 sno
1147 2204 1242 2269 iibeiio

190 2293 375 2363 pavefactum
400 2289 539 2356 confidit,
564 2300 596 2343 ut
618 2290 722 2345 audeat
741 2290 805 2360 jam
830 2292 892 2345 sine
910 2291 1017 2347 timore
1034 2292 1063 2347 in
1081 2291 1244 2350 Luthen'tm

190 2382 348 2436 tremendis
367 2381 424 2434 Dei
441 2380 593 2451 scripturis
609 2380 721 2434 indere.
756 2385 797 2434 nt
813 2376 870 2449 egd
885 2381 996 2436 nollem
1013 2398 1074 2436 non
1087 2383 1243 2454 probarum

190 2472 247 2525 tais
264 2471 370 2524 fuctum
390 2469 436 2524 taii
454 2470 540 2523 buiia.
576 2469 709 2524 Rursum
726 2469 837 2524 nollem
860 2486 910 2524 me
926 2484 989 2525 rtou
1007 2471 1180 2529 damnatum
1196 2471 1242 2529 nti

190 2561 281 2615 buiia.
316 2560 423 2614 Omnia
440 2559 516 2613 beiie
534 2569 717 2628 congruunt,
733 2557 811 2612 bulla
820 2599 829 2627 ,
847 2574 949 2626 causa,
960 2560 1077 2632 judex,
1095 2571 1243 2633 patronus,

192 2668 209 2705 a
231 2666 358 2721 quorum
382 2649 533 2704 consortio
560 2660 587 2701 et
604 2650 739 2719 contagio
756 2660 857 2705 servet
872 2665 920 2705 me
937 2650 1089 2707 Dominus
1105 2651 1198 2711 Jestts
1215 2659 1244 2709 st

192 2756 296 2796 omnes
312 2741 375 2810 pias
392 2741 519 2804 animas,
538 2741 643 2793 Arnen.

257 2829 330 2884 Non
354 2828 437 2883 facile
462 2845 535 2884 vero
564 2828 688 2894 credas,
714 2844 802 2899 qnam
829 2829 935 2885 invitus
962 2846 977 2884 a
1004 2829 1094 2886 literis
1119 2830 1245 2904 pacificis

192 2918 319 2985 Christi,
348 2919 456 2990 quibus
477 2934 526 2972 me
545 2917 573 2972 in
589 2917 646 2969 hae
664 2917 789 2972 Patbrno
808 2918 964 2987 dederam,
991 2920 1129 2988 avulsus,
1152 2920 1246 2994 repri-

191 3009 255 3063 cnsi
281 3018 309 3062 ει
333 3006 470 3062 senticosi
487 3006 635 3076 sophistae
652 3005 736 3075 nugis
755 3007 884 3076 legendis
903 3017 1017 3077 tempus
1035 3006 1188 3078 impendi,
1204 3010 1245 3064 si.

192 3101 266 3154 dens
283 3097 437 3151 hominem
454 3114 470 3150 a
488 3095 581 3167 planta
598 3095 681 3165 pedis
699 3097 735 3150 ad
754 3096 893 3152 verticem
916 3113 1010 3169 usqne
1028 3096 1245 3168 sophisticum,

193 3203 256 3244 turn
275 3188 369 3242 bullae
396 3187 495 3241 vesica
511 3196 674 3254 turgentem
692 3202 727 3239 ea
743 3185 919 3240 confidentia
936 3187 1106 3259 scripsisse,
1123 3201 1173 3255 ,ut
1182 3188 1245 3261 jam

192 3295 248 3333 nec
274 3277 418 3345 diligentia
442 3291 499 3330 uec
515 3275 626 3344 jndicio
651 3274 706 3330 sibi
730 3291 805 3345 opus
829 3276 916 3331 fuisse
934 3276 1060 3346 putarit,
1088 3285 1244 3333 contentus

193 3367 322 3431 effutire,
348 3365 487 3436 quicquid
505 3366 551 3418 vei
568 3363 684 3432 legerit,
708 3361 755 3417 vei
777 3366 807 3418 in
824 3350 951 3419 buccam
969 3365 1090 3421 venerit.
1127 3364 1244 3442 Quibus

194 3455 433 3511 molestissimam
446 3463 494 3508 est
503 3454 699 3522 respondere,
715 3462 748 3507 ut
765 3453 792 3507 in
809 3452 917 3525 quibus
931 3470 988 3508 nec
1001 3454 1149 3524 ingenium
1161 3472 1245 3512 exer.

193 3564 279 3612 cere,
306 3563 362 3601 uec
379 3546 571 3600 eruditionem
595 3542 673 3599 alere
690 3543 803 3613 possis,
830 3554 860 3598 et
885 3553 983 3599 tamen
1007 3544 1133 3616 optimas
1153 3545 1244 3601 horas

193 3638 315 3710 perdere
333 3636 459 3706 cogaris.
493 3633 653 3705 Suspicor,
670 3632 821 3689 hominem
839 3634 1000 3689 credidisse
1016 3633 1186 3691 Lutberum
1199 3643 1245 3691 ant

193 3746 209 3785 e
227 3728 324 3782 medio
341 3725 510 3790 sublatum,
534 3734 582 3779 aut
599 3733 741 3793 perpetuo
758 3723 872 3778 silentio
890 3722 1059 3779 damnatum
1076 3740 1161 3795 esse,
1184 3740 1243 3799 quo

192 3834 313 3872 rursum
330 3816 421 3872 iibere
438 3815 587 3885 pubiicum
606 3822 783 3882 occuparent
796 3814 946 3884 tyrannide
963 3814 1143 3885 sophistica,
1160 3816 1243 3887 cujus

163 3935 168 3945 ·
194 3910 363 3962 imminutae
380 3905 495 3959 ruinam
511 3920 571 3957 non
588 3903 686 3956 levem
702 3917 799 3955 meam
817 3903 936 3971 cuipam
954 3902 1077 3970 faciunt,
1094 3915 1181 3978 etque
1192 3904 1243 3960 uti.
1281 3930 1284 3983 ἐ

191 4013 261 4057 uam
276 3996 361 4070 plena
377 4005 457 4053 essct
472 3993 574 4061 ruina,
602 4006 632 4048 ut
648 3992 734 4066 piena
750 3990 808 4046 hae
824 3994 910 4064 eulpa
926 3991 1035 4066 septies
1050 3992 1241 4054 irremissibili
