2574 4724
526 273 628 339 4522.
1045 270 1105 363 aas

90 468 97 480 .
120 425 224 482 Unum
238 427 334 482 modo
348 445 449 498 agam,
461 428 485 494 1)
502 428 564 483 hoc
580 439 643 497 est,
662 429 742 501 quod
760 429 838 497 scire
856 428 962 499 cupio,
980 428 1041 483 imo
1057 444 1107 482 ro.

10 572 12 579 ,
58 531 111 585 go,
128 526 162 570 ut
180 527 214 570 tu
231 517 339 585 iacias,
358 519 382 572 si
399 535 460 588 quo
478 520 568 572 modo
589 520 665 589 apud
685 519 853 589 Principem
871 518 1019 588 impetrari
1036 533 1107 589 pos.

10 616 12 631 ¹
58 605 96 659 sit
111 605 232 659 misello
252 605 311 660 isto
327 605 440 660 homini
452 606 607 674 Bolremo,
625 609 699 678 apud
718 624 774 662 nos
787 608 849 675 jam
862 605 893 660 16
904 599 1105 661 hebdomades

58 691 87 749 iu
101 704 183 749 tetro
201 704 232 750 et
248 696 382 765 squalido
401 711 522 749 carcere
541 696 678 765 captivo,
693 707 726 749 ut
743 707 894 749 extractus
912 696 940 749 in
958 695 1105 767 superiori

58 782 206 838 testudine
225 771 345 838 vinctus
361 785 443 837 lerro
461 795 490 837 et
507 784 635 851 catenis,
654 794 686 837 ut
704 794 820 854 potest,
838 784 997 839 fortissime
1016 794 1045 838 et
1062 794 1107 838 tu.

58 870 176 927 tissime
192 884 345 940 servetur,
373 889 434 944 quo
459 872 488 926 in
511 881 579 927 ae're
602 883 631 927 et
655 875 722 927 luce
745 873 863 928 modica
886 890 973 942 agere
989 874 1105 929 liceret.

10 966 12 977 '
56 953 189 1017 Miseret
203 978 252 1015 me
269 962 400 1016 hominis
418 962 518 1030 valde,
535 973 565 1018 et
582 963 622 1017 illi
640 979 759 1017 causam
770 962 908 1019 trahunt.
924 974 956 1017 ut
969 962 1108 1032 indignis.

57 1050 167 1106 simum
184 1050 222 1105 sit
238 1067 293 1122 pro
309 1060 369 1105 tam
386 1050 443 1105 levi
462 1052 547 1121 culpa
560 1062 617 1104 tam
630 1052 771 1107 atrociter
781 1051 918 1106 cruciari.
951 1050 1010 1106 Fac
1022 1069 1107 1122 ergo,

57 1139 81 1194 si
94 1138 167 1211 quid
179 1149 266 1212 potes
274 1179 285 1206 ‚
302 1151 331 1195 et
345 1141 504 1211 responde.
535 1142 719 1215 Quaestores
731 1141 845 1212 absque
857 1139 1004 1212 Principis
1017 1142 1108 1211 jussu

55 1229 129 1286 nihil
147 1230 255 1284 audent
271 1247 328 1285 nec
346 1230 461 1284 volunt.

122 1319 280 1375 Caeterum
297 1320 458 1375 llirsleldio
476 1319 582 1388 gratias
600 1337 654 1390 ago
672 1338 728 1392 pro
745 1319 845 1376 libello
862 1322 974 1389 misso,
1001 1322 1051 1393 qui
1069 1323 1108 1377 ri.

56 1425 127 1466 sana
140 1410 242 1465 multis
258 1411 354 1465 movit
369 1411 555 1465 nostratium.
590 1411 646 1465 Sed
657 1412 772 1480 Regem
782 1412 925 1483 primum,
943 1412 992 1483 qui
1007 1411 1107 1466 cordis

56 1498 141 1554 rubri
156 1498 268 1567 insigne
285 1510 396 1569 gestat,
417 1499 524 1554 deesse
542 1500 808 1571 deprehenderunt.
843 1501 909 1556 Hoc
927 1520 982 1571 ego
999 1502 1030 1555 in
1046 1502 1109 1557 Re.

56 1604 127 1660 gem
142 1588 265 1645 stultum
281 1588 364 1644 illum
381 1590 470 1643 stulte
484 1590 680 1644 confidentem
692 1591 887 1662 interpretor,
905 1593 955 1662 qui
965 1593 1107 1648 audacter

55 1695 106 1734 me
127 1677 271 1750 impetiit,
298 1689 327 1733 et
351 1696 423 1733 ecce
449 1696 510 1733 non
534 1696 658 1750 compar
682 1691 743 1746 est,
758 1680 788 1746 ²)
815 1689 844 1735 et
864 1682 996 1735 redactus
1015 1681 1108 1736 estin

55 1766 183 1823 m‘hilum
208 1767 339 1821 inflatura
362 1777 391 1821 et
421 1767 584 1824 elevatione
608 1768 708 1823 cordis
732 1767 796 1836 sui,
816 1769 904 1838 juxta
928 1769 1014 1824 illud:
1044 1769 1109 1824 Di.
1201 1808 1204 1813 -

56 1855 178 1929 spersit
201 1853 353 1928 superbos
375 1864 476 1910 mente
500 1857 612 1912 cordis
631 1858 690 1914 sai.
723 1859 794 1913 Jam
815 1875 876 1912 non
894 1868 941 1912 est
957 1875 1051 1929 opus,
1076 1867 1109 1915 ut

57 1948 129 2003 novi
146 1947 334 2001 numismatis
349 1947 446 2001 mittas
460 1947 586 2017 aliquid,
604 1947 704 2021 Lucas
716 1963 808 2000 unum
818 1948 853 2000 ad
863 1962 912 2000 me
924 1947 1016 2001 attulit
1028 1948 1108 2003 dono

56 2035 218 2108 Principis.
246 2035 317 2090 Vale
335 2036 363 2090 in
381 2035 525 2091 Domino.
542 2036 666 2091 Novum
694 2036 919 2090 Testamentum
936 2037 1108 2092 absolvetur

59 2127 95 2182 ad
112 2127 193 2182 diem
209 2125 368 2181 Matthaei.
400 2126 497 2180 Datae
515 2125 562 2179 die
578 2119 605 2179 i.
622 2125 824 2195 Septembris,
847 2141 923 2179 anno
939 2125 1105 2182 MDxxn.

646 2212 730 2267 Tuus
748 2211 896 2268 Martinus
913 2213 1073 2269 Lutherus.

121 2301 149 2373 ³)
165 2304 233 2361 Fuit
250 2303 326 2377 apud
343 2319 398 2359 nos
415 2303 553 2374 princeps
571 2301 785 2373 prophetarum
804 2303 892 2358 Claus
906 2304 1008 2369 Storlt,
1025 2304 1107 2359 ince.

58 2396 132 2452 dens
150 2413 237 2451 more
254 2407 284 2450 et
300 2396 401 2450 habitu
419 2395 543 2448 militum
561 2394 686 2449 istorum
698 2410 775 2465 quos
793 2390 951 2462 Eaaliattit
966 2394 1104 2464 dicimus,

56 2487 198 2555 adjuncto
210 2486 267 2540 alio
281 2485 310 2540 in
322 2486 408 2554 longa
421 2487 534 2552 tunica,
554 2496 582 2541 et
595 2485 730 2540 Doctore
743 2483 878 2540 Gerardo
891 2478 1106 2548 Coloniensi.⁴)

56 2575 98 2629 Et
115 2575 208 2630 homo
226 2593 280 2646 per
298 2575 395 2629 omnia
414 2577 506 2627 ferme
524 2574 659 2628 dissentit
671 2573 779 2627 Marco
798 2584 826 2629 et
844 2575 999 2644 Thomae,
1017 2575 1105 2628 nihil.

58 2681 119 2734 que
131 2664 270 2728 ‚tractavit
288 2663 344 2716 nisi
362 2664 397 2716 de
416 2663 560 2733 baptismo
578 2663 784 2733 parvulorum:
808 2664 981 2734 videturque
999 2665 1105 2734 spiritu

56 2752 186 2808 levitatis
204 2754 289 2820 ferri,
308 2753 358 2823 qui
376 2770 432 2806 uec
451 2752 514 2822 ipsc
533 2753 627 2820 magni
645 2752 731 2806 faciat
749 2769 824 2823 quae
841 2754 939 2808 sentit.
969 2754 1016 2807 Sic
1029 2754 1103 2809 ludit

56 2844 145 2896 Satan
162 2843 190 2896 iu
207 2842 388 2896 hominibus

126 2933 236 2987 Comes
254 2932 403 3000 Georgius
422 2931 457 2983 de
475 2931 667 2984 Werthheim
685 2948 724 2985 ex
740 2948 788 2985 me
806 2933 879 3002 petit
896 2933 1102 3001 evangelistam

56 3029 105 3078 100
116 3024 245 3077 nummis
257 3023 353 3076 aureis
367 3039 400 3075 ac
415 3038 467 3075 sua
479 3035 580 3074 mensa
591 3021 822 3092 providendum:
840 3023 984 3093 optimum
1001 3040 1102 3076 exem.

55 3116 147 3185 plum.
183 3113 305 3169 Gabriel
323 3130 399 3165 nova
424 3111 537 3164 civitate
562 3112 775 3179 recucullatus‚
801 3129 879 3165 ntrnc
905 3112 1007 3165 iterum
1032 3131 1103 3167 eeu.

57 3205 197 3271 cudatus,
223 3203 337 3275 Diboni
362 3203 427 3268 agit.
462 3199 598 3271 Philippo
626 3209 690 3253 nata
708 3213 753 3255 est
770 3202 870 3255 Harma
895 3203 1011 3270 elegans
1034 3203 1101 3257 iilia.

55 3293 203 3347 Johaunis
213 3292 374 3365 Pomerani
384 3291 500 3361 nuptiae
515 3289 656 3343 rescissae
669 3303 749 3345 sunt:
761 3292 825 3359 jam
836 3291 869 3342 ad
880 3291 961 3344 aliam
974 3302 1099 3360 spectat.

25 3378 30 3385 ’
55 3383 149 3437 Istum
168 3398 338 3435 sennonem
360 3380 475 3433 curabis
495 3379 533 3432 illi
553 3379 676 3432 reddere
694 3380 774 3446 viro,
799 3396 888 3450 quern
905 3365 1004 3450 nrrper
1025 3381 1098 3436 mihi

54 3472 322 3526 recorumendasti:
340 3470 517 3540 bibliopolae
534 3469 668 3536 scilicet,
687 3470 736 3539 qui
749 3469 820 3521 mihi
833 3469 910 3525 Galli
925 3471 1099 3540 Apologiam

55 3575 112 3616 ate
126 3562 231 3616 attulit.
265 3561 343 3615 Nam
361 3560 483 3631 promisi
503 3559 528 3612 ei
549 3547 574 3625 5)
600 3559 656 3613 tuis
675 3559 814 3630 precibus
832 3560 892 3613 hoc
911 3561 1096 3616 donaturum.

55 3653 138 3707 Vale.

103 3811 123 3857 ι)
139 3806 197 3848 cod.
212 3805 265 3847 Jen.
280 3816 333 3859 ago.
383 3805 405 3854 2)
420 3803 477 3848 cod.
492 3802 544 3846 Jeu.
559 3805 689 3858 comparet.
738 3804 760 3853 3)
780 3802 861 3852 vitiet
875 3803 907 3848 tut
921 3804 978 3848 cod.
992 3804 1045 3849 Jeu.
1060 3805 1096 3857 dtr

56 3870 122 3921 latuit
137 3871 214 3925 {lusti}
228 3869 254 3919 ut
268 3870 306 3916 sen
321 3868 446 3913 aurifaber
459 3867 487 3911 ll.
503 3870 534 3913 ai.
559 3866 651 3916 waldi
665 3867 715 3912 XV.
735 3868 794 3918 atria.
810 3867 867 3912 CVI.
887 3869 923 3914 ut
937 3870 1013 3919 tluatt
1026 3869 1100 3924 Μή

56 3936 182 3987 ttfiutlitlt.
218 3938 240 3991 t)
254 3935 347 3980 Auris.
363 3933 549 3981 coloniensium.
587 3935 609 3983 5>
625 3933 691 3978 Cod.
705 3933 767 3980 Jeu.
781 3932 861 3984 totid:
876 3933 1007 3990 promisisti
1021 3937 1052 3981 etr
