2574 4724
189 308 251 378 art
520 254 524 269 ¹
601 345 605 357 ,
668 300 759 375 isat.
862 265 868 277 ’

226 467 280 522 foto
292 451 498 515 Arriftletll.
511 468 556 516 220.
581 452 640 523 Μ
655 467 781 588 (ffilen.
795 477 832 522 ις
845 464 862 513 f.
876 465 921 515 ot
944 461 1058 518 mereto
1072 463 1120 518 Μ
1133 455 1243 515 mlt'

584 542 588 546 ’
734 542 780 589 lo&

192 645 337 746 Gratiam
354 698 384 746 et
399 707 505 761 pacem
521 689 549 745 in
566 689 710 746 Domino.
746 689 781 744 In
800 687 904 760 primis
925 695 955 742 te
980 703 1064 756 oro,
1095 694 1131 743 ot
1150 685 1257 759 opinio.

188 795 260 837 nem
275 795 372 835 meam
391 781 466 852 apud
484 780 713 836 illustrissimum
724 777 897 849 Principem
912 764 1047 832 redimas
1062 773 1118 832 hia
1138 774 1256 833 testibus

188 869 302 939 literis,
323 886 398 941 quae
416 870 549 926 nonnihil
564 870 643 924 laesa
659 878 705 925 est
717 884 771 940 per
785 866 986 923 inconsultum
1002 867 1204 940 rescriptum
1215 864 1257 921 Se·

188 969 276 1016 natus
298 961 394 1016 nostri
414 940 699 1028 witembergensis,
725 956 776 1013 ubi
797 944 929 1026 Principi
947 955 1183 1026 significarunt,
1205 972 1256 1012 rma

190 1066 258 1106 esse
274 1067 344 1106 eum
360 1060 444 1106 recte
459 1051 650 1123 informatum
666 1049 702 1103 de
723 1062 812 1103 causa
831 1038 948 1104 divortii
966 1046 1049 1101 inter
1068 1043 1256 1103 Michaelen

189 1137 314 1195 Hanlten
334 1150 365 1195 et
383 1156 512 1194 uxorem
532 1138 608 1209 ejus.
642 1138 821 1207 Ignorabant
841 1138 919 1192 forte
938 1151 954 1188 a
976 1151 1030 1190 me
1056 1152 1134 1194 ease
1158 1139 1253 1193 freon

190 1227 445 1295 informationem,
464 1229 530 1283 ideo
547 1228 575 1282 id
590 1228 682 1298 magle
698 1227 760 1282 ausi
776 1235 854 1282 sont.
887 1224 969 1295 Nam
984 1241 1045 1295 ego
1064 1243 1125 1284 eos
1134 1214 1252 1283 convici

191 1335 293 1374 coram
307 1318 476 1393 Quaestore
496 1329 524 1373 et
537 1314 687 1386 Gregorio
707 1317 794 1372 Socio
812 1313 1039 1382 commissario,
1058 1330 1133 1372 esse
1149 1326 1251 1373 recten

191 1409 428 1465 informationem
444 1424 560 1475 meam,
580 1417 609 1463 et
624 1406 826 1478 promiserunt
841 1422 910 1460 meo
923 1404 1045 1476 judicio
1063 1422 1140 1463 sese
1159 1422 1252 1464 cessu-

190 1513 261 1566 ros,
281 1497 307 1553 id
329 1499 409 1571 quod
429 1515 468 1553 ex
488 1497 656 1571 Quaestorc
677 1507 707 1551 et
727 1495 875 1565 Gregorio
895 1493 1041 1552 sciscitari
1063 1498 1199 1568 poterit,
1223 1514 1249 1552 n

190 1589 317 1645 mentiar
335 1605 392 1644 nec
415 1606 464 1644 ne.
495 1587 608 1644 Verum
632 1585 725 1643 nolim
749 1585 863 1657 gravari
884 1602 955 1654 eoa,
983 1586 1075 1658 quasi
1096 1588 1249 1644 mendacio

188 1676 361 1749 Principem
381 1678 533 1759 illnaerint.
567 1678 675 1746 Forte,
702 1686 736 1732 ut
757 1691 860 1731 sumus
879 1675 1039 1742 homines,
1061 1687 1095 1733 et
1120 1695 1140 1734 a
1158 1680 1249 1735 θείω

192 1785 314 1841 semper
330 1769 523 1842 impellimur,
541 1769 750 1841 praeoccupati
767 1775 835 1821 sunt
852 1766 913 1821 hoc
928 1764 1063 1836 delicto,
1082 1768 1249 1842 ideoqoeir

191 1859 293 1933 spiritu
313 1858 440 1916 lenitatis
465 1858 593 1926 ferendi,
620 1856 858 1923 considerantes,
885 1856 965 1928 quod
985 1862 1015 1910 et
1039 1872 1102 1913 nos
1127 1859 1251 1935 quisque

191 1966 265 2007 suos
282 1951 408 2023 patimur
423 1964 543 2016 manes,
563 1955 592 2001 et
610 1963 700 2001 nemo
717 1946 846 2002 mundus
866 1963 882 1999 a
899 1944 999 2001 sorde.

258 2045 333 2111 Com
357 2055 425 2110 Vito
443 2040 545 2124 J'eripe
563 2051 713 2109 Gardiano
733 2052 795 2121 egi,
817 2053 842 2107 is
864 2059 998 2123 promtus
1019 2061 1072 2109 est
1094 2056 1252 2130 suscipere

191 2146 327 2203 Pastoris
342 2145 472 2202 officium
488 2145 516 2200 in
535 2142 719 2212 lleinichen,
737 2143 816 2198 sicut
833 2150 864 2198 et
878 2142 984 2211 dignus
1000 2150 1028 2196 et
1047 2143 1187 2204 idonens
1202 2157 1253 2215 est,

192 2236 284 2292 modo
308 2243 435 2290 vocetur
455 2243 485 2288 et
504 2234 634 2305 eligatur.
668 2235 763 2302 Agam
784 2232 882 2304 itaque
906 2232 982 2302 apud
1002 2230 1208 2293 Praefectum
1229 2239 1255 2293 ia

192 2325 317 2395 Dibon,
335 2323 416 2390 *lut
435 2325 521 2379 simul
544 2341 614 2378 cum
634 2323 750 2378 civibus
772 2339 841 2377 eum
864 2332 966 2394 petant
989 2332 1019 2377 et
1041 2336 1185 2384 vocene
1209 2328 1255 2385 Tu
1283 2384 1286 2391 ,

131 2443 134 2449 =
194 2433 313 2488 quoque
338 2433 390 2484 age
413 2415 489 2486 apud
514 2413 699 2484 Principem,
725 2421 758 2467 ut
781 2412 807 2467 ei
831 2413 1016 2485 permittetur
1041 2426 1076 2470 et
1100 2420 1255 2475 offeratur.
1283 2460 1286 2469 .

193 2506 265 2563 Vale
278 2505 461 2562 inDomioO.
480 2504 712 2575 Witentbergae,
726 2503 859 2559 secundo
868 2501 962 2571 Junii,
974 2517 1054 2559 anno
1068 2503 1255 2566 MDXXIP.

879 2608 1033 2666 Martinus
1052 2610 1231 2674 Lutherus.

228 2950 267 3004 tt.
286 2945 436 3015 auolat.
999 2941 1053 3000 N⁰.
1071 2945 1227 3007 DcvlfL

435 3081 484 3149 tin
506 3078 647 3159 fiilia.
670 3074 826 3160 fltltlt.
850 3078 1003 3156 latita.

244 3224 267 3272 2.
281 3222 425 3274 taetitfrint
439 3220 559 3274 vicinam
572 3227 618 3265 aaa
632 3219 673 3265 leit
687 3219 800 3273 scienter
815 3220 861 3265 ant
874 3220 924 3264 lent
937 3217 1053 3272 statiani
1064 3222 1126 3268 mit:
1141 3225 1198 3275 lene
1209 3223 1253 3274 ult

195 3296 393 3347 obtritionem
412 3294 485 3346 licito
499 3291 633 3346 clariciam
643 3292 727 3346 millen.
753 3291 811 3345 tint.
824 3291 869 3337 No.
883 3290 965 3372 Dcvl.

645 3406 788 3422 m

242 3506 279 3559 ‘jn
293 3504 353 3550 ltili.
368 3504 444 3550 litem.
460 3503 495 3549 cl.
509 3499 551 3549 w.
565 3502 629 3548 fasc.
644 3503 673 3547 v.
688 3514 710 3560 p.
724 3503 769 3550 ⁹¹3.
787 3502 827 3553 lto
840 3500 1109 3550 smeret-tiaran
1122 3517 1146 3562 p.
1163 3507 1211 3554 lm.

522 3574 621 3626 roratio
636 3578 676 3624 ier
689 3574 784 3625 torto
798 3575 861 3621 xxi.
875 3576 920 3622 tto

197 3691 252 3780 G·
271 3745 301 3791 et
319 3735 354 3791 P.
368 3736 396 3790 in
415 3734 457 3790 D.
492 3732 668 3788 submonuit
683 3748 732 3787 me
749 3731 906 3803 Philippus
923 3739 1042 3798 noster,
1058 3731 1101 3788 mi
1119 3731 1251 3801 fabrici,

195 3836 230 3878 ut
247 3826 283 3879 de
302 3825 424 3880 decimis
435 3839 533 3879 meam
551 3823 726 3878 sententiam
743 3821 795 3878 tibi
812 3824 973 3894 aperirem,
990 3837 1062 3877 cum
1075 3823 1186 3895 vulgus
1204 3826 1254 3881 iat·

245 4008 268 4058 ⁸)
294 4004 396 4057 vilent
