2574 4724
206 336 245 398 ³8
694 332 783 399 1521.

203 495 208 507 ’
275 489 407 545 Rursum
432 494 461 545 et
484 488 546 545 hoc
568 497 669 544 movet
693 489 722 544 in
739 491 937 555 contrarium,
965 487 1045 561 qnod
1060 488 1092 543 in
1109 487 1255 560 prioribus

204 579 296 634 literis
314 580 447 650 scripsit,
470 579 593 634 Paulum
611 580 701 633 videri
727 580 763 632 de
780 580 882 634 suturis
899 596 1021 645 cavere,
1049 580 1162 634 scilicet
1177 595 1256 650 prae.

204 670 290 724 terite
308 686 367 723 non
385 671 481 723 iacere
498 671 591 725 irrita:
615 679 647 723 ut
667 669 717 723 hic
734 671 818 725 locus
834 670 872 723 de
888 669 1051 736 virginitate
1069 679 1098 721 et
1114 669 1256 722 caelibatu

204 766 331 831 prorsus
347 758 419 813 nitu}
436 768 546 829 urgeat,
581 760 668 814 Aliud
686 760 764 814 enirn
787 771 833 813 est
849 760 966 828 viduam
993 759 1134 814 defuncto
1151 762 1258 814 merito

205 859 234 902 et
252 850 375 903 caeteris
393 847 529 904 omnibus
548 849 715 903 destitutam
741 850 850 920 suscipi
877 848 911 901 ad
939 848 1107 903 alimoniam
1125 862 1258 902 commu.

204 955 290 1004 nem,
308 949 338 993 et
355 939 430 992 aliud
443 939 641 1008 virginitatem
658 947 688 992 ct
706 937 878 992 caelibatum
892 940 1052 1010 suscipere.
1087 938 1180 1011 Quorl
1192 940 1258 993 ideo

205 1028 291 1094 dico,
308 1030 374 1099 quie
392 1028 500 1082 vellem
517 1044 532 1080 a
548 1029 636 1082 vobis
654 1028 724 1082 nihii
742 1027 878 1099 prodire,
903 1028 981 1098 quod
998 1028 1136 1082 obscuris
1154 1039 1184 1082 et
1199 1044 1259 1083 em.

205 1115 303 1187 ilignis
320 1118 475 1189 Scripturir·
490 1118 617 1182 nitatur,
635 1134 702 1171 cum
720 1134 736 1170 n
751 1118 839 1173 nobis
857 1119 991 1186 exigatur
1006 1120 1081 1185 lux,
1098 1134 1175 1188 quiae
1191 1120 1258 1189 plue

206 1224 296 1279 quam
307 1208 387 1262 -solls
405 1217 435 1261 et
451 1209 584 1262 omnium
601 1208 749 1262 tteilnnun
767 1209 823 1273 eit,
842 1208 938 1278 neque
956 1208 998 1262 sic
1014 1216 1114 1262 tamen
1130 1209 1241 1264 vident.

273 1297 342 1351 Jam
365 1299 430 1368 quis
453 1310 540 1367 coget
558 1299 645 1354 illud:
676 1298 919 1367 Volojuniores
941 1298 1075 1368 nubere,
1097 1299 1134 1352 erl
1156 1300 1258 1354 viduet

206 1388 377 1462 pertinere,
394 1403 428 1440 ac
444 1406 503 1442 non
522 1390 618 1459 potius
636 1389 670 1442 ad
688 1391 853 1456 generalem
870 1387 1109 1443 exhortationem
1126 1389 1259 1442 omnium

207 1476 501 1541 adulescentularum,
528 1487 641 1545 praeter
658 1476 719 1530 illas
738 1477 887 1530 damnatae
904 1477 1022 1531 viduasr
1052 1473 1129 1531 sicut
1146 1486 1177 1532 et
1195 1495 1259 1549 per.

206 1566 345 1627 miserat,
364 1565 498 1633 juniores
525 1567 600 1620 sicut
625 1580 743 1619 sorores
761 1575 816 1619 etc.
852 1564 958 1636 Neque
976 1566 1053 1619 enim
1072 1565 1163 1632 dixit,
1188 1566 1258 1621 volo

203 1653 338 1726 Juniores
356 1653 458 1707 viduas
476 1653 608 1717 nubere,
624 1670 692 1707 cum
711 1653 852 1707 damnarit
869 1670 918 1706 ens
936 1653 1048 1708 nubere
1064 1657 1209 1709 volentes.

273 1742 473 1798 Vehementer
489 1755 589 1812 urget,
618 1743 699 1812 quod
718 1745 866 1799 damnatas
883 1745 988 1799 usserit
1010 1745 1077 1798 istus
1093 1746 1198 1800 viduas
1209 1746 1259 1816 ju.

206 1834 307 1888 nicree
325 1843 445 1903 propter
461 1832 549 1886 fidem
567 1834 677 1887 irritam
695 1836 816 1898 factam,
835 1836 915 1904 quod
933 1835 1085 1905 quomodo
1104 1835 1171 1888 dilui
1185 1842 1259 1906 'pos-

207 1923 244 1976 sit
262 1923 383 1989 dextre,
401 1921 520 1977 dubito:
546 1931 629 1977 certe
644 1922 731 1977 fidem
749 1923 826 1977 illum
843 1925 947 1993 ligasse
960 1924 1096 1993 juniores
1113 1926 1258 1995 sequitur,

208 2011 419 2082 quantumlibet
429 2013 565 2081 juniores
582 2012 656 2077 sint,
674 1994 697 2064 ci
712 2021 832 2082 propter
846 2028 908 2065 eam
921 2013 1102 2066 damnantur.
1139 2013 1255 2069 Rursus

206 2101 268 2155 hoc
285 2102 392 2172 aliquid
408 2115 455 2156 eet
471 2118 609 2173 quoque,
626 2103 706 2174 quod
724 2103 778 2154 tale
795 2118 887 2169 genus
905 2102 1056 2155 viduarum
1074 2102 1142 2157 illud
1160 2105 1256 2171 tuerit,

208 2192 287 2261 quod
305 2209 365 2246 nnn
383 2194 530 2262 personali
542 2196 632 2255 voto,
651 2193 701 2246 reti
717 2192 860 2260 suffragiis
879 2190 1031 2246 Ecclesiae
1048 2192 1257 2250 communibus

208 2281 374 2347 eligeretur.
400 2283 480 2336 Dicit
494 2285 588 2337 enim:
608 2284 643 2335 V
640 2282 718 2337 idua
729 2299 794 2336 nou
806 2283 947 2356 eliqatnr
953 2322 962 2350 ,
980 2296 1007 2337 et
1022 2282 1078 2336 hic'
1090 2277 1258 2339 locunr'lru.

207 2371 275 2424 beat
300 2381 429 2441 potestne
452 2373 616 2440 rejiciendi,
645 2386 717 2443 quas
738 2372 833 2426 visum
860 2373 961 2440 luerit,
984 2375 1037 2428 sed
1060 2374 1163 2429 electis
1180 2375 1256 2429 nullu

205 2460 325 2515 libertus
344 2461 507 2520 recedendi.

271 2550 453 2603 'l‘estirnonia
471 2568 542 2605 vero
559 2551 668 2606 veteris
686 2553 756 2621 legis
775 2551 809 2605 de
828 2552 975 2606 solvendis
993 2553 1072 2608 votis
1085 2553 1259 2622 rigidissima

207 2656 397 2711 prorsusme
414 2640 485 2695 nihil
503 2654 641 2709 movent,
664 2659 734 2697 curn
752 2643 932 2712 impossibile
949 2644 1005 2710 sit,
1027 2660 1061 2698 ea
1075 2645 1123 2706 vel
1140 2645 1256 2716 intelligi

206 2731 254 2785 uel
271 2730 407 2801 applicari
426 2734 565 2800 possead
583 2744 683 2786 votum
704 2733 777 2789 istud
795 2734 966 2794 castitatis..
982 2749 1051 2789 curn
1068 2751 1160 2791 nemo
1177 2738 1259 2806 igno.

205 2831 270 2888 ret,
299 2821 325 2873 ri
351 2823 460 2893 populo
486 2840 519 2876 ea
546 2839 610 2877 esse
634 2825 714 2888 datu,
744 2824 791 2878 cui
814 2823 870 2877 sub
888 2824 1031 2879 maledicti
1055 2836 1090 2879 et·
1104 2824 1258 2897 opprobrii

204 2928 311 2987 poena·
325 2912 568 2970 communissima
594 2931 655 2969 non
681 2914 762 2968 licuit
786 2925 876 2970 caste·
891 2916 1008 2980 vivere,
1035 2918 1131 2973 multo
1158 2917 1257 2974 minin

207 3016 330 3064 rovere.
1059 3046 1087 3065 .,

270 3089 309 3144 Et
325 3091 410 3161 plane
426 3090 488 3146 hoc
503 3092 575 3147 mihi
589 3091 714 3160 obtinui,
732 3095 895 3148 castitatem
906 3091 964 3148 rub
975 3102 1048 3149 voto
1060 3093 1181 3162 cedere,
1198 3111 1258 3153 non

203 3197 295 3252 porse
313 3181 431 3256 probari
454 3183 687 3251 per-Scripturas
710 3183 746 3236 ab
763 3200 819 3237 nec
835 3184 900 3251 lege
917 3200 974 3239 nec
990 3185 1143 3254 exemplo.
1179 3186 1259 3241 Reli.

205 3288 298 3342 quum
316 3283 374 3340 est,
400 3273 669 3338 t.,Corintl1.Vll.
696 3274 725 3329 in
742 3273 861 3327 arbitrio
877 3273 1007 3331 hominis
1024 3274 1097 3329 ittnd
1116 3276 1258 3347 relinquit

204 3360 308 3416 deinde
334 3362 447 3430 legibus
473 3372 512 3416 etv
527 3363 639 3415 statutis
662 3361 819 3416 hominum
842 3378 903 3417 non
927 3378 1016 3433 posse
1033 3364 1182 3433 ordinari.
1204 3367 1259 3423 nisi

203 3451 366 3522 inspirante
386 3452 500 3506 Satana.
535 3452 616 3506 llaec
642 3453 717 3521 apud
741 3469 788 3509 me
814 3463 991 3511 certarunt:
1019 3467 1160 3526 sequetur
1175 3455 1259 3523 inde,

204 3541 343 3612 quicquid
362 3553 467 3611 potost.
501 3541 673 3597 Periculum
691 3542 776 3609 igitur
792 3551 859 3611 est,
876 3560 989 3599 vovere
1005 3547 1187 3603 cantitetem:
1204 3546 1258 3603 red

204 3628 271 3693 ideo
298 3646 360 3686 nou
377 3633 495 3696 valere,
520 3632 586 3702 quis
604 3640 714 3684 usserat
724 3669 740 3697 ‚.
757 3648 824 3685 cum
844 3633 988 3702 potuisset
1003 3644 1034 3688 et
1049 3634 1143 3689 libere
1161 3642 1258 3691 ereum

204 3721 323 3786 vivrrc,
340 3722 470 3777 consiliis
488 3731 516 3776 et
532 3723 676 3792 exemplis
694 3722 858 3792 Scriptnrne
878 3706 1060 3780 instruetur?

271 3809 448 3882 Quanquam
468 3827 523 3879 rgo
540 3813 619 3865 varie
638 3813 768 3878 cogitans
788 3813 855 3869 illud
873 3813 1022 3885 adspicio,
1047 3814 1128 3885 quod
1146 3813 1255 3868 Petrur

202 3899 309 3961 Actor.
326 3899 393 3956 XV.
417 3899 549 3955 libertate
574 3902 691 3970 spiritus
709 3903 792 3956 etium
810 3917 885 3956 onus
903 3902 974 3968 legis
992 3903 1175 3972 impossibile
1192 3919 1208 3955 a
1225 3917 1253 3955 sn

204 3996 232 4039 et
249 3987 386 4048 omnibus
404 3989 558 4059 rejecerit,
577 3991 624 4047 cui
641 4003 738 4048 tumen
755 3992 848 4051 fuerat
866 3991 1038 4064 subjectus,
1067 3991 1141 4049 nihil
1156 4006 1253 4050 cause·
