<?xml version="1.0" encoding="UTF-8"?>
<!DOCTYPE html PUBLIC "-//W3C//DTD XHTML 1.0 Transitional//EN"
    "http://www.w3.org/TR/xhtml1/DTD/xhtml1-transitional.dtd">
<html xmlns="http://www.w3.org/1999/xhtml" xml:lang="en" lang="en">
 <head>
  <title>
</title>
<meta http-equiv="Content-Type" content="text/html;charset=utf-8" />
  <meta name='ocr-system' content='tesseract 3.04.00' />
  <meta name='ocr-capabilities' content='ocr_page ocr_carea ocr_par ocr_line ocrx_word'/>
</head>
<body>
  <div class='ocr_page' id='page_1' title='image "./briefesendschre03luthgoog/briefesendschre03luthgoog_0573.png"; bbox 0 0 2574 4724; ppageno 0'>
   <div class='ocr_carea' id='block_1_1' title="bbox 637 221 744 273">
    <p class='ocr_par' dir='ltr' id='par_1_1' title="bbox 637 221 744 273">
     <span class='ocr_line' id='line_1_1' title="bbox 637 221 744 273; baseline 0 0"><span class='ocrx_word' id='word_1_1' title='bbox 637 221 744 273; x_wconf 68' lang='grc' dir='ltr'><strong>”ι</strong></span> 
     </span>
    </p>
   </div>
   <div class='ocr_carea' id='block_1_2' title="bbox 595 313 1168 384">
    <p class='ocr_par' dir='ltr' id='par_1_2' title="bbox 595 313 1168 384">
     <span class='ocr_line' id='line_1_2' title="bbox 595 313 1168 384; baseline -0.002 -1"><span class='ocrx_word' id='word_1_2' title='bbox 595 313 687 384; x_wconf 68' lang='lat' dir='ltr'><strong>ttae</strong></span> <span class='ocrx_word' id='word_1_3' title='bbox 1109 318 1168 383; x_wconf 77' lang='lat'><strong>551</strong></span> 
     </span>
    </p>
   </div>
   <div class='ocr_carea' id='block_1_3' title="bbox 119 436 1272 636">
    <p class='ocr_par' dir='ltr' id='par_1_3' title="bbox 119 436 1272 636">
     <span class='ocr_line' id='line_1_3' title="bbox 119 436 1272 551; baseline 0.003 -24"><span class='ocrx_word' id='word_1_4' title='bbox 119 473 199 530; x_wconf 86' lang='lat' dir='ltr'><strong>Ven.</strong></span> <span class='ocrx_word' id='word_1_5' title='bbox 216 472 287 529; x_wconf 83' lang='lat' dir='ltr'><strong>viro</strong></span> <span class='ocrx_word' id='word_1_6' title='bbox 303 470 347 530; x_wconf 86' lang='lat' dir='ltr'><strong>D.</strong></span> <span class='ocrx_word' id='word_1_7' title='bbox 366 474 507 551; x_wconf 79' lang='lat' dir='ltr'><strong>Georqio</strong></span> <span class='ocrx_word' id='word_1_8' title='bbox 524 475 608 548; x_wconf 77' lang='lat' dir='ltr'><strong>Spal</strong></span> <span class='ocrx_word' id='word_1_9' title='bbox 643 476 697 531; x_wconf 83' lang='lat' dir='ltr'><strong>ino</strong></span> <span class='ocrx_word' id='word_1_10' title='bbox 704 516 713 545; x_wconf 91' lang='lat'><strong>,</strong></span> <span class='ocrx_word' id='word_1_11' title='bbox 737 492 828 533; x_wconf 80' lang='lat' dir='ltr'><strong>seruo</strong></span> <span class='ocrx_word' id='word_1_12' title='bbox 845 474 967 534; x_wconf 77' lang='lat' dir='ltr'><strong>Christi</strong></span> <span class='ocrx_word' id='word_1_13' title='bbox 974 473 1087 546; x_wconf 82' lang='lat' dir='ltr'><strong>fideli,</strong></span> <span class='ocrx_word' id='word_1_14' title='bbox 1110 491 1169 532; x_wconf 81' lang='lat' dir='ltr'><strong>suo</strong></span> <span class='ocrx_word' id='word_1_15' title='bbox 1268 436 1272 442; x_wconf 90' lang='lat'><em>-</em></span> 
     </span>
     <span class='ocr_line' id='line_1_4' title="bbox 451 565 840 636; baseline 0.005 -15"><span class='ocrx_word' id='word_1_16' title='bbox 451 566 487 621; x_wconf 83' lang='lat' dir='ltr'><strong>in</strong></span> <span class='ocrx_word' id='word_1_17' title='bbox 505 565 613 622; x_wconf 74' lang='lat' dir='ltr'><strong>Clam</strong></span> <span class='ocrx_word' id='word_1_18' title='bbox 659 567 799 624; x_wconf 82' lang='lat' dir='ltr'><strong>rissimo.</strong></span> <span class='ocrx_word' id='word_1_19' title='bbox 815 569 840 636; x_wconf 89' lang='lat'><strong>¹)</strong></span> 
     </span>
    </p>
   </div>
   <div class='ocr_carea' id='block_1_4' title="bbox 117 673 1177 1513">
    <p class='ocr_par' dir='ltr' id='par_1_4' title="bbox 117 673 1177 1513">
     <span class='ocr_line' id='line_1_5' title="bbox 119 673 1171 792; baseline 0.003 -19"><span class='ocrx_word' id='word_1_20' title='bbox 119 673 264 774; x_wconf 80' lang='lat' dir='ltr'>Gratiam</span> <span class='ocrx_word' id='word_1_21' title='bbox 281 730 311 776; x_wconf 88' lang='lat' dir='ltr'><strong>et</strong></span> <span class='ocrx_word' id='word_1_22' title='bbox 327 738 443 792; x_wconf 80' lang='lat' dir='ltr'><strong>pacem.</strong></span> <span class='ocrx_word' id='word_1_23' title='bbox 477 721 600 776; x_wconf 85' lang='lat' dir='ltr'><strong>Inanem</strong></span> <span class='ocrx_word' id='word_1_24' title='bbox 613 720 693 792; x_wconf 81' lang='lat' dir='ltr'><strong>jrnst</strong></span> <span class='ocrx_word' id='word_1_25' title='bbox 710 718 745 776; x_wconf 89' lang='lat' dir='ltr'><strong>ad</strong></span> <span class='ocrx_word' id='word_1_26' title='bbox 762 731 790 776; x_wconf 89' lang='lat' dir='ltr'><strong>te</strong></span> <span class='ocrx_word' id='word_1_27' title='bbox 808 721 905 778; x_wconf 84' lang='lat' dir='ltr'><strong>redire</strong></span> <span class='ocrx_word' id='word_1_28' title='bbox 920 723 1055 779; x_wconf 83' lang='lat' dir='ltr'><strong>nuntium</strong></span> <span class='ocrx_word' id='word_1_29' title='bbox 1070 722 1171 789; x_wconf 87' lang='lat' dir='ltr'><strong>istum,</strong></span> 
     </span>
     <span class='ocr_line' id='line_1_6' title="bbox 118 804 1173 888; baseline 0.002 -27"><span class='ocrx_word' id='word_1_30' title='bbox 118 825 210 881; x_wconf 89' lang='lat' dir='ltr'><strong>quem</strong></span> <span class='ocrx_word' id='word_1_31' title='bbox 226 811 351 866; x_wconf 72' lang='lat' dir='ltr'><strong>miseras</strong></span> <span class='ocrx_word' id='word_1_32' title='bbox 369 804 553 880; x_wconf 79' lang='lat' dir='ltr'><strong>cambutta,</strong></span> <span class='ocrx_word' id='word_1_33' title='bbox 578 812 619 865; x_wconf 92' lang='lat' dir='ltr'><strong>mi</strong></span> <span class='ocrx_word' id='word_1_34' title='bbox 637 812 794 882; x_wconf 80' lang='lat' dir='ltr'><strong>Spalatine.</strong></span> <span class='ocrx_word' id='word_1_35' title='bbox 829 813 880 867; x_wconf 88' lang='lat' dir='ltr'><strong>Tu</strong></span> <span class='ocrx_word' id='word_1_36' title='bbox 897 829 1020 888; x_wconf 74' lang='lat' dir='ltr'><strong>quoquc</strong></span> <span class='ocrx_word' id='word_1_37' title='bbox 1045 813 1071 870; x_wconf 84' lang='lat' dir='ltr'><strong>si</strong></span> <span class='ocrx_word' id='word_1_38' title='bbox 1091 814 1173 873; x_wconf 85' lang='lat' dir='ltr'><strong>dein.</strong></span> 
     </span>
     <span class='ocr_line' id='line_1_7' title="bbox 117 900 1177 972; baseline 0.006 -21"><span class='ocrx_word' id='word_1_39' title='bbox 117 914 190 970; x_wconf 88' lang='lat' dir='ltr'><strong>ceps</strong></span> <span class='ocrx_word' id='word_1_40' title='bbox 208 914 278 954; x_wconf 88' lang='lat' dir='ltr'><strong>eum</strong></span> <span class='ocrx_word' id='word_1_41' title='bbox 293 901 430 969; x_wconf 81' lang='lat' dir='ltr'><strong>miserie,</strong></span> <span class='ocrx_word' id='word_1_42' title='bbox 447 901 537 955; x_wconf 75' lang='lat' dir='ltr'><strong>simul</strong></span> <span class='ocrx_word' id='word_1_43' title='bbox 554 900 702 970; x_wconf 82' lang='lat' dir='ltr'><strong>eignilica,</strong></span> <span class='ocrx_word' id='word_1_44' title='bbox 718 901 755 955; x_wconf 89' lang='lat' dir='ltr'><strong>de</strong></span> <span class='ocrx_word' id='word_1_45' title='bbox 773 916 902 972; x_wconf 90' lang='lat' dir='ltr'><strong>quorum</strong></span> <span class='ocrx_word' id='word_1_46' title='bbox 917 918 1021 970; x_wconf 86' lang='lat' dir='ltr'><strong>regum</strong></span> <span class='ocrx_word' id='word_1_47' title='bbox 1031 902 1177 970; x_wconf 75' lang='lat' dir='ltr'><strong>sanguine</strong></span> 
     </span>
     <span class='ocr_line' id='line_1_8' title="bbox 117 984 1175 1063; baseline 0.003 -19"><span class='ocrx_word' id='word_1_48' title='bbox 117 988 156 1044; x_wconf 83' lang='lat' dir='ltr'><strong>sit</strong></span> <span class='ocrx_word' id='word_1_49' title='bbox 178 999 283 1059; x_wconf 88' lang='lat' dir='ltr'><strong>natus,</strong></span> <span class='ocrx_word' id='word_1_50' title='bbox 311 1001 361 1045; x_wconf 88' lang='lat' dir='ltr'><strong>aut</strong></span> <span class='ocrx_word' id='word_1_51' title='bbox 385 1006 460 1061; x_wconf 86' lang='lat' dir='ltr'><strong>quae</strong></span> <span class='ocrx_word' id='word_1_52' title='bbox 488 991 610 1063; x_wconf 87' lang='lat' dir='ltr'><strong>imperia</strong></span> <span class='ocrx_word' id='word_1_53' title='bbox 635 1001 694 1045; x_wconf 91' lang='lat' dir='ltr'><strong>tam</strong></span> <span class='ocrx_word' id='word_1_54' title='bbox 717 1007 842 1060; x_wconf 79' lang='lat' dir='ltr'><strong>mugnus</strong></span> <span class='ocrx_word' id='word_1_55' title='bbox 868 992 916 1046; x_wconf 86' lang='lat' dir='ltr'><strong>vir</strong></span> <span class='ocrx_word' id='word_1_56' title='bbox 942 984 1115 1062; x_wconf 72' lang='lat' dir='ltr'><strong>possideat,</strong></span> <span class='ocrx_word' id='word_1_57' title='bbox 1140 999 1175 1047; x_wconf 83' lang='lat' dir='ltr'><strong>ut</strong></span> 
     </span>
     <span class='ocr_line' id='line_1_9' title="bbox 117 1079 1175 1151; baseline 0.001 -17"><span class='ocrx_word' id='word_1_58' title='bbox 117 1079 228 1146; x_wconf 82' lang='lat' dir='ltr'><strong>sciam,</strong></span> <span class='ocrx_word' id='word_1_59' title='bbox 254 1096 311 1151; x_wconf 91' lang='lat' dir='ltr'><strong>qua</strong></span> <span class='ocrx_word' id='word_1_60' title='bbox 334 1079 437 1151; x_wconf 88' lang='lat' dir='ltr'><strong>specie</strong></span> <span class='ocrx_word' id='word_1_61' title='bbox 461 1080 562 1134; x_wconf 86' lang='lat' dir='ltr'><strong>latriae</strong></span> <span class='ocrx_word' id='word_1_62' title='bbox 584 1079 657 1151; x_wconf 84' lang='lat' dir='ltr'><strong>mihi</strong></span> <span class='ocrx_word' id='word_1_63' title='bbox 677 1080 822 1135; x_wconf 76' lang='lat' dir='ltr'><strong>colendus</strong></span> <span class='ocrx_word' id='word_1_64' title='bbox 840 1079 878 1134; x_wconf 83' lang='lat' dir='ltr'><strong>eit</strong></span> <span class='ocrx_word' id='word_1_65' title='bbox 894 1089 951 1133; x_wconf 90' lang='lat' dir='ltr'><strong>tarn</strong></span> <span class='ocrx_word' id='word_1_66' title='bbox 969 1080 1126 1151; x_wconf 74' lang='lat' dir='ltr'><strong>imperialis</strong></span> <span class='ocrx_word' id='word_1_67' title='bbox 1143 1079 1175 1146; x_wconf 83' lang='lat'><strong>²&gt;</strong></span> 
     </span>
     <span class='ocr_line' id='line_1_10' title="bbox 117 1169 1174 1242; baseline -0.001 -19"><span class='ocrx_word' id='word_1_68' title='bbox 117 1171 172 1223; x_wconf 87' lang='lat' dir='ltr'><strong>vir.</strong></span> <span class='ocrx_word' id='word_1_69' title='bbox 204 1169 257 1224; x_wconf 91' lang='lat' dir='ltr'><strong>De</strong></span> <span class='ocrx_word' id='word_1_70' title='bbox 271 1169 351 1224; x_wconf 91' lang='lat' dir='ltr'><strong>bulla</strong></span> <span class='ocrx_word' id='word_1_71' title='bbox 368 1170 511 1240; x_wconf 85' lang='lat' dir='ltr'><strong>vulganda</strong></span> <span class='ocrx_word' id='word_1_72' title='bbox 528 1170 599 1242; x_wconf 89' lang='lat' dir='ltr'><strong>quid</strong></span> <span class='ocrx_word' id='word_1_73' title='bbox 616 1186 693 1242; x_wconf 82' lang='lat' dir='ltr'><strong>opus</strong></span> <span class='ocrx_word' id='word_1_74' title='bbox 712 1181 759 1225; x_wconf 84' lang='lat' dir='ltr'><strong>eat</strong></span> <span class='ocrx_word' id='word_1_75' title='bbox 776 1171 959 1225; x_wconf 81' lang='lat' dir='ltr'><strong>consulere?</strong></span> <span class='ocrx_word' id='word_1_76' title='bbox 978 1170 1174 1241; x_wconf 78' lang='lat' dir='ltr'><strong>permittatur,</strong></span> 
     </span>
     <span class='ocr_line' id='line_1_11' title="bbox 118 1259 1177 1331; baseline 0.002 -19"><span class='ocrx_word' id='word_1_77' title='bbox 118 1268 151 1314; x_wconf 88' lang='lat' dir='ltr'><strong>ut</strong></span> <span class='ocrx_word' id='word_1_78' title='bbox 168 1259 319 1331; x_wconf 81' lang='lat' dir='ltr'><strong>publicet,</strong></span> <span class='ocrx_word' id='word_1_79' title='bbox 345 1260 396 1314; x_wconf 91' lang='lat' dir='ltr'><strong>ubi</strong></span> <span class='ocrx_word' id='word_1_80' title='bbox 413 1260 502 1318; x_wconf 75' lang='lat' dir='ltr'><strong>veliti</strong></span> <span class='ocrx_word' id='word_1_81' title='bbox 527 1278 585 1316; x_wconf 87' lang='lat' dir='ltr'><strong>uec</strong></span> <span class='ocrx_word' id='word_1_82' title='bbox 609 1261 688 1315; x_wconf 89' lang='lat' dir='ltr'><strong>enim</strong></span> <span class='ocrx_word' id='word_1_83' title='bbox 712 1259 790 1316; x_wconf 89' lang='lat' dir='ltr'><strong>bulla</strong></span> <span class='ocrx_word' id='word_1_84' title='bbox 811 1260 874 1316; x_wconf 89' lang='lat' dir='ltr'><strong>hoc</strong></span> <span class='ocrx_word' id='word_1_85' title='bbox 891 1260 998 1331; x_wconf 81' lang='lat' dir='ltr'><strong>exigit,</strong></span> <span class='ocrx_word' id='word_1_86' title='bbox 1022 1270 1057 1316; x_wconf 82' lang='lat' dir='ltr'><strong>ut</strong></span> <span class='ocrx_word' id='word_1_87' title='bbox 1072 1259 1177 1315; x_wconf 77' lang='lat' dir='ltr'><strong>defen-</strong></span> 
     </span>
     <span class='ocr_line' id='line_1_12' title="bbox 123 1349 1176 1423; baseline 0.004 -21"><span class='ocrx_word' id='word_1_88' title='bbox 123 1350 207 1403; x_wconf 80' lang='lat' dir='ltr'><strong>datur</strong></span> <span class='ocrx_word' id='word_1_89' title='bbox 223 1367 239 1403; x_wconf 85' lang='lat' dir='ltr'><strong>a</strong></span> <span class='ocrx_word' id='word_1_90' title='bbox 256 1349 455 1422; x_wconf 79' lang='lat' dir='ltr'><strong>Principibus.</strong></span> <span class='ocrx_word' id='word_1_91' title='bbox 482 1351 511 1406; x_wconf 92' lang='lat' dir='ltr'><strong>Si</strong></span> <span class='ocrx_word' id='word_1_92' title='bbox 527 1350 634 1407; x_wconf 85' lang='lat' dir='ltr'><strong>volunt</strong></span> <span class='ocrx_word' id='word_1_93' title='bbox 649 1350 740 1406; x_wconf 83' lang='lat' dir='ltr'><strong>rideri</strong></span> <span class='ocrx_word' id='word_1_94' title='bbox 754 1367 824 1406; x_wconf 91' lang='lat' dir='ltr'><strong>cum</strong></span> <span class='ocrx_word' id='word_1_95' title='bbox 840 1351 902 1407; x_wconf 76' lang='lat' dir='ltr'><strong>nnis</strong></span> <span class='ocrx_word' id='word_1_96' title='bbox 919 1351 1023 1420; x_wconf 84' lang='lat' dir='ltr'><strong>bullis,</strong></span> <span class='ocrx_word' id='word_1_97' title='bbox 1043 1352 1113 1423; x_wconf 81' lang='lat' dir='ltr'><strong>quie</strong></span> <span class='ocrx_word' id='word_1_98' title='bbox 1130 1358 1176 1408; x_wconf 82' lang='lat' dir='ltr'><strong>eet</strong></span> 
     </span>
     <span class='ocr_line' id='line_1_13' title="bbox 119 1438 848 1513; baseline 0.003 -20"><span class='ocrx_word' id='word_1_99' title='bbox 119 1440 169 1512; x_wconf 88' lang='lat' dir='ltr'><strong>qui</strong></span> <span class='ocrx_word' id='word_1_100' title='bbox 186 1455 239 1494; x_wconf 82' lang='lat' dir='ltr'><strong>eos</strong></span> <span class='ocrx_word' id='word_1_101' title='bbox 255 1438 416 1511; x_wconf 82' lang='lat' dir='ltr'><strong>prohibet?</strong></span> <span class='ocrx_word' id='word_1_102' title='bbox 438 1441 500 1495; x_wconf 93' lang='lat' dir='ltr'><strong>imo</strong></span> <span class='ocrx_word' id='word_1_103' title='bbox 518 1457 720 1513; x_wconf 86' lang='lat' dir='ltr'><strong>cooperemur</strong></span> <span class='ocrx_word' id='word_1_104' title='bbox 736 1441 848 1512; x_wconf 81' lang='lat' dir='ltr'><strong>potius.</strong></span> 
     </span>
    </p>
   </div>
   <div class='ocr_carea' id='block_1_5' title="bbox 115 1551 1177 2071">
    <p class='ocr_par' dir='ltr' id='par_1_5' title="bbox 115 1551 1177 2071">
     <span class='ocr_line' id='line_1_14' title="bbox 181 1551 1176 1628; baseline 0.003 -20"><span class='ocrx_word' id='word_1_105' title='bbox 181 1551 367 1608; x_wconf 86' lang='lat' dir='ltr'><strong>Leimbacbii</strong></span> <span class='ocrx_word' id='word_1_106' title='bbox 385 1552 414 1623; x_wconf 75' lang='lat' dir='ltr'><strong>r)</strong></span> <span class='ocrx_word' id='word_1_107' title='bbox 439 1554 630 1625; x_wconf 78' lang='lat' dir='ltr'><strong>postularunt</strong></span> <span class='ocrx_word' id='word_1_108' title='bbox 653 1570 842 1628; x_wconf 78' lang='lat' dir='ltr'><strong>responsum.</strong></span> <span class='ocrx_word' id='word_1_109' title='bbox 884 1554 952 1627; x_wconf 83' lang='lat' dir='ltr'><strong>Ego</strong></span> <span class='ocrx_word' id='word_1_110' title='bbox 976 1556 1057 1627; x_wconf 86' lang='lat' dir='ltr'><strong>quod</strong></span> <span class='ocrx_word' id='word_1_111' title='bbox 1082 1568 1121 1611; x_wconf 85' lang='lat' dir='ltr'><strong>ex</strong></span> <span class='ocrx_word' id='word_1_112' title='bbox 1145 1561 1176 1611; x_wconf 74' lang='lat' dir='ltr'><strong>te</strong></span> 
     </span>
     <span class='ocr_line' id='line_1_15' title="bbox 116 1643 1176 1718; baseline 0.003 -22"><span class='ocrx_word' id='word_1_113' title='bbox 116 1643 213 1697; x_wconf 89' lang='lat' dir='ltr'><strong>audivi</strong></span> <span class='ocrx_word' id='word_1_114' title='bbox 223 1683 233 1711; x_wconf 91' lang='lat'>‚</span> <span class='ocrx_word' id='word_1_115' title='bbox 252 1644 295 1698; x_wconf 83' lang='lat' dir='ltr'><strong>eie</strong></span> <span class='ocrx_word' id='word_1_116' title='bbox 313 1643 395 1711; x_wconf 84' lang='lat' dir='ltr'><strong>dixi,</strong></span> <span class='ocrx_word' id='word_1_117' title='bbox 413 1643 531 1698; x_wconf 87' lang='lat' dir='ltr'><strong>scilicet</strong></span> <span class='ocrx_word' id='word_1_118' title='bbox 548 1644 742 1701; x_wconf 75' lang='lat' dir='ltr'><strong>constituisse</strong></span> <span class='ocrx_word' id='word_1_119' title='bbox 756 1645 945 1718; x_wconf 89' lang='lat' dir='ltr'><strong>Principem,</strong></span> <span class='ocrx_word' id='word_1_120' title='bbox 970 1657 1003 1700; x_wconf 89' lang='lat' dir='ltr'><strong>ut</strong></span> <span class='ocrx_word' id='word_1_121' title='bbox 1021 1645 1176 1718; x_wconf 77' lang='lat' dir='ltr'><strong>aliquando</strong></span> 
     </span>
     <span class='ocr_line' id='line_1_16' title="bbox 117 1721 1172 1812; baseline 0 -23"><span class='ocrx_word' id='word_1_122' title='bbox 117 1749 206 1789; x_wconf 84' lang='lat' dir='ltr'><strong>cause</strong></span> <span class='ocrx_word' id='word_1_123' title='bbox 231 1733 355 1788; x_wconf 84' lang='lat' dir='ltr'><strong>liniatur.</strong></span> <span class='ocrx_word' id='word_1_124' title='bbox 388 1732 485 1787; x_wconf 90' lang='lat' dir='ltr'><strong>Video</strong></span> <span class='ocrx_word' id='word_1_125' title='bbox 512 1750 566 1788; x_wconf 86' lang='lat' dir='ltr'><strong>eos</strong></span> <span class='ocrx_word' id='word_1_126' title='bbox 591 1735 688 1805; x_wconf 88' lang='lat' dir='ltr'><strong>premi</strong></span> <span class='ocrx_word' id='word_1_127' title='bbox 713 1735 852 1807; x_wconf 89' lang='lat' dir='ltr'><strong>penuria,</strong></span> <span class='ocrx_word' id='word_1_128' title='bbox 876 1721 945 1791; x_wconf 83' lang='lat' dir='ltr'><strong>cum</strong></span> <span class='ocrx_word' id='word_1_129' title='bbox 970 1737 1029 1791; x_wconf 80' lang='lat' dir='ltr'><strong>sint</strong></span> <span class='ocrx_word' id='word_1_130' title='bbox 1052 1735 1172 1812; x_wconf 72' lang='lat' dir='ltr'><strong>honesti</strong></span> 
     </span>
     <span class='ocr_line' id='line_1_17' title="bbox 115 1822 1177 1894; baseline 0.004 -17"><span class='ocrx_word' id='word_1_131' title='bbox 115 1824 190 1890; x_wconf 69' lang='lat' dir='ltr'><strong>uiri,</strong></span> <span class='ocrx_word' id='word_1_132' title='bbox 206 1824 381 1894; x_wconf 77' lang='lat' dir='ltr'><strong>praesertim</strong></span> <span class='ocrx_word' id='word_1_133' title='bbox 398 1823 506 1878; x_wconf 87' lang='lat' dir='ltr'><strong>mulier</strong></span> <span class='ocrx_word' id='word_1_134' title='bbox 521 1825 636 1893; x_wconf 82' lang='lat' dir='ltr'><strong>egregia</strong></span> <span class='ocrx_word' id='word_1_135' title='bbox 653 1834 684 1878; x_wconf 88' lang='lat' dir='ltr'><strong>et</strong></span> <span class='ocrx_word' id='word_1_136' title='bbox 700 1824 786 1893; x_wconf 74' lang='lat' dir='ltr'><strong>digna</strong></span> <span class='ocrx_word' id='word_1_137' title='bbox 803 1834 867 1892; x_wconf 80' lang='lat' dir='ltr'><strong>eet,</strong></span> <span class='ocrx_word' id='word_1_138' title='bbox 881 1826 929 1879; x_wconf 86' lang='lat' dir='ltr'><strong>eui</strong></span> <span class='ocrx_word' id='word_1_139' title='bbox 948 1826 1004 1881; x_wconf 72' lang='lat' dir='ltr'><strong>doli</strong></span> <span class='ocrx_word' id='word_1_140' title='bbox 1017 1827 1077 1880; x_wconf 83' lang='lat' dir='ltr'><strong>hoc</strong></span> <span class='ocrx_word' id='word_1_141' title='bbox 1089 1822 1177 1881; x_wconf 73' lang='lat' dir='ltr'><strong>delui</strong></span> 
     </span>
     <span class='ocr_line' id='line_1_18' title="bbox 119 1911 1176 1984; baseline 0.003 -18"><span class='ocrx_word' id='word_1_142' title='bbox 119 1911 227 1977; x_wconf 85' lang='lat' dir='ltr'><strong>officii,</strong></span> <span class='ocrx_word' id='word_1_143' title='bbox 253 1921 378 1982; x_wconf 89' lang='lat' dir='ltr'><strong>propter</strong></span> <span class='ocrx_word' id='word_1_144' title='bbox 399 1911 517 1982; x_wconf 91' lang='lat' dir='ltr'><strong>prolem</strong></span> <span class='ocrx_word' id='word_1_145' title='bbox 534 1926 655 1983; x_wconf 88' lang='lat' dir='ltr'><strong>quoque</strong></span> <span class='ocrx_word' id='word_1_146' title='bbox 673 1912 841 1984; x_wconf 73' lang='lat' dir='ltr'><strong>copiosam.</strong></span> <span class='ocrx_word' id='word_1_147' title='bbox 873 1913 964 1982; x_wconf 79' lang='lat' dir='ltr'><strong>Igitur</strong></span> <span class='ocrx_word' id='word_1_148' title='bbox 989 1914 1112 1983; x_wconf 78' lang='lat' dir='ltr'><strong>edjuva,</strong></span> <span class='ocrx_word' id='word_1_149' title='bbox 1137 1917 1176 1969; x_wconf 77' lang='lat' dir='ltr'><strong>nd</strong></span> 
     </span>
     <span class='ocr_line' id='line_1_19' title="bbox 119 1998 1045 2071; baseline 0.004 -17"><span class='ocrx_word' id='word_1_150' title='bbox 119 1998 376 2068; x_wconf 63' lang='lat' dir='ltr'><strong>enumerantur,</strong></span> <span class='ocrx_word' id='word_1_151' title='bbox 393 2009 442 2055; x_wconf 87' lang='lat' dir='ltr'><strong>aut</strong></span> <span class='ocrx_word' id='word_1_152' title='bbox 459 2000 717 2071; x_wconf 82' lang='lat' dir='ltr'><strong>iniongitudinem</strong></span> <span class='ocrx_word' id='word_1_153' title='bbox 734 2001 848 2057; x_wconf 87' lang='lat' dir='ltr'><strong>dierum</strong></span> <span class='ocrx_word' id='word_1_154' title='bbox 863 2002 1045 2065; x_wconf 80' lang='lat' dir='ltr'><strong>differantur.</strong></span> 
     </span>
    </p>
   </div>
   <div class='ocr_carea' id='block_1_6' title="bbox 118 2107 1238 2370">
    <p class='ocr_par' dir='ltr' id='par_1_6' title="bbox 118 2107 1238 2370">
     <span class='ocr_line' id='line_1_20' title="bbox 184 2107 1238 2189; baseline 0.006 -20"><span class='ocrx_word' id='word_1_155' title='bbox 184 2110 393 2170; x_wconf 86' lang='lat' dir='ltr'><strong>Melchiorem</strong></span> <span class='ocrx_word' id='word_1_156' title='bbox 419 2115 528 2172; x_wconf 87' lang='lat' dir='ltr'><strong>Lotter</strong></span> <span class='ocrx_word' id='word_1_157' title='bbox 548 2116 635 2172; x_wconf 86' lang='lat' dir='ltr'><strong>audio</strong></span> <span class='ocrx_word' id='word_1_158' title='bbox 661 2125 783 2189; x_wconf 86' lang='lat' dir='ltr'><strong>quoque</strong></span> <span class='ocrx_word' id='word_1_159' title='bbox 810 2117 887 2189; x_wconf 88' lang='lat' dir='ltr'><strong>apud</strong></span> <span class='ocrx_word' id='word_1_160' title='bbox 910 2107 1083 2188; x_wconf 79' lang='lat' dir='ltr'><strong>Principem</strong></span> <span class='ocrx_word' id='word_1_161' title='bbox 1108 2114 1177 2175; x_wconf 72' lang='lat' dir='ltr'><strong>etad</strong></span> <span class='ocrx_word' id='word_1_162' title='bbox 1232 2150 1238 2157; x_wconf 80' lang='lat'><em>·</em></span> 
     </span>
     <span class='ocr_line' id='line_1_21' title="bbox 118 2201 1197 2280; baseline 0.004 -21"><span class='ocrx_word' id='word_1_163' title='bbox 118 2203 195 2259; x_wconf 90' lang='lat' dir='ltr'><strong>male</strong></span> <span class='ocrx_word' id='word_1_164' title='bbox 213 2204 398 2261; x_wconf 87' lang='lat' dir='ltr'><strong>traductum:</strong></span> <span class='ocrx_word' id='word_1_165' title='bbox 426 2207 496 2279; x_wconf 90' lang='lat' dir='ltr'><strong>quid</strong></span> <span class='ocrx_word' id='word_1_166' title='bbox 519 2201 648 2262; x_wconf 77' lang='lat' dir='ltr'><strong>obsecro</strong></span> <span class='ocrx_word' id='word_1_167' title='bbox 674 2224 751 2280; x_wconf 90' lang='lat' dir='ltr'><strong>opue</strong></span> <span class='ocrx_word' id='word_1_168' title='bbox 776 2216 841 2277; x_wconf 87' lang='lat' dir='ltr'><strong>est,</strong></span> <span class='ocrx_word' id='word_1_169' title='bbox 867 2207 1053 2263; x_wconf 85' lang='lat' dir='ltr'><strong>afflictionem</strong></span> <span class='ocrx_word' id='word_1_170' title='bbox 1070 2205 1197 2267; x_wconf 63' lang='lat' dir='ltr'><strong>addere⁴</strong></span> 
     </span>
     <span class='ocr_line' id='line_1_22' title="bbox 120 2279 1179 2370; baseline 0.008 -22"><span class='ocrx_word' id='word_1_171' title='bbox 120 2294 249 2351; x_wconf 84' lang='lat' dir='ltr'><strong>afflicto?</strong></span> <span class='ocrx_word' id='word_1_172' title='bbox 290 2294 456 2352; x_wconf 78' lang='lat' dir='ltr'><strong>Pareamus</strong></span> <span class='ocrx_word' id='word_1_173' title='bbox 481 2297 570 2352; x_wconf 87' lang='lat' dir='ltr'><strong>etiam</strong></span> <span class='ocrx_word' id='word_1_174' title='bbox 597 2297 772 2370; x_wconf 88' lang='lat' dir='ltr'><strong>aliquando,</strong></span> <span class='ocrx_word' id='word_1_175' title='bbox 798 2298 868 2355; x_wconf 80' lang='lat' dir='ltr'><strong>eatis</strong></span> <span class='ocrx_word' id='word_1_176' title='bbox 892 2298 983 2354; x_wconf 81' lang='lat' dir='ltr'><strong>hube&#39;t</strong></span> <span class='ocrx_word' id='word_1_177' title='bbox 1007 2313 1121 2369; x_wconf 88' lang='lat' dir='ltr'><strong>poenae</strong></span> <span class='ocrx_word' id='word_1_178' title='bbox 1147 2279 1179 2356; x_wconf 69' lang='lat' dir='ltr'><strong>ei</strong></span> 
     </span>
    </p>
   </div>
   <div class='ocr_carea' id='block_1_7' title="bbox 109 2384 1177 2550">
    <p class='ocr_par' dir='ltr' id='par_1_7' title="bbox 109 2384 1177 2550">
     <span class='ocr_line' id='line_1_23' title="bbox 121 2384 1177 2477; baseline 0.008 -39"><span class='ocrx_word' id='word_1_179' title='bbox 121 2385 200 2440; x_wconf 89' lang='lat' dir='ltr'><strong>mali.</strong></span> <span class='ocrx_word' id='word_1_180' title='bbox 237 2384 340 2461; x_wconf 80' lang='lat' dir='ltr'><strong>Quare</strong></span> <span class='ocrx_word' id='word_1_181' title='bbox 365 2397 432 2442; x_wconf 86' lang='lat' dir='ltr'><strong>esto</strong></span> <span class='ocrx_word' id='word_1_182' title='bbox 455 2387 603 2443; x_wconf 87' lang='lat' dir='ltr'><strong>mediator</strong></span> <span class='ocrx_word' id='word_1_183' title='bbox 625 2388 742 2457; x_wconf 74' lang='lat' dir='ltr'><strong>bonus,</strong></span> <span class='ocrx_word' id='word_1_184' title='bbox 769 2395 798 2445; x_wconf 88' lang='lat' dir='ltr'><strong>et</strong></span> <span class='ocrx_word' id='word_1_185' title='bbox 820 2389 846 2445; x_wconf 82' lang='lat' dir='ltr'><strong>si</strong></span> <span class='ocrx_word' id='word_1_186' title='bbox 866 2405 943 2462; x_wconf 76' lang='lat' dir='ltr'><strong>opus</strong></span> <span class='ocrx_word' id='word_1_187' title='bbox 968 2397 1032 2458; x_wconf 81' lang='lat' dir='ltr'><strong>eet,</strong></span> <span class='ocrx_word' id='word_1_188' title='bbox 1057 2395 1090 2448; x_wconf 86' lang='lat' dir='ltr'><strong>nt</strong></span> <span class='ocrx_word' id='word_1_189' title='bbox 1113 2390 1177 2477; x_wconf 70' lang='lat' dir='ltr'><strong>iperi</strong></span> 
     </span>
     <span class='ocr_line' id='line_1_24' title="bbox 109 2477 653 2550; baseline 0.007 -18"><span class='ocrx_word' id='word_1_190' title='bbox 109 2477 250 2533; x_wconf 68' lang='lat' dir='ltr'><strong>ascribam</strong></span> <span class='ocrx_word' id='word_1_191' title='bbox 266 2496 322 2550; x_wconf 89' lang='lat' dir='ltr'><strong>pro</strong></span> <span class='ocrx_word' id='word_1_192' title='bbox 339 2496 391 2548; x_wconf 90' lang='lat' dir='ltr'><strong>eo,</strong></span> <span class='ocrx_word' id='word_1_193' title='bbox 413 2478 520 2536; x_wconf 78' lang='lat' dir='ltr'><strong>lubens</strong></span> <span class='ocrx_word' id='word_1_194' title='bbox 536 2480 653 2536; x_wconf 75' lang='lat' dir='ltr'><strong>faciam.</strong></span> 
     </span>
    </p>
   </div>
   <div class='ocr_carea' id='block_1_8' title="bbox 114 2592 1234 3554">
    <p class='ocr_par' dir='ltr' id='par_1_8' title="bbox 114 2592 1234 3462">
     <span class='ocr_line' id='line_1_25' title="bbox 182 2592 1175 2668; baseline 0.005 -21"><span class='ocrx_word' id='word_1_195' title='bbox 182 2592 380 2663; x_wconf 78' lang='lat' dir='ltr'><strong>Tragoediam</strong></span> <span class='ocrx_word' id='word_1_196' title='bbox 406 2595 677 2651; x_wconf 84' lang='lat' dir='ltr'><strong>Orlamundeneem</strong></span> <span class='ocrx_word' id='word_1_197' title='bbox 705 2595 797 2650; x_wconf 90' lang='lat' dir='ltr'><strong>credo</strong></span> <span class='ocrx_word' id='word_1_198' title='bbox 824 2611 863 2651; x_wconf 87' lang='lat' dir='ltr'><strong>ex</strong></span> <span class='ocrx_word' id='word_1_199' title='bbox 887 2597 1009 2666; x_wconf 85' lang='lat' dir='ltr'><strong>juniore</strong></span> <span class='ocrx_word' id='word_1_200' title='bbox 1034 2595 1175 2668; x_wconf 87' lang='lat' dir='ltr'><strong>Principe</strong></span> 
     </span>
     <span class='ocr_line' id='line_1_26' title="bbox 116 2682 1177 2758; baseline 0.002 -20"><span class='ocrx_word' id='word_1_201' title='bbox 116 2682 188 2738; x_wconf 78' lang='lat' dir='ltr'><strong>eatis</strong></span> <span class='ocrx_word' id='word_1_202' title='bbox 206 2685 378 2755; x_wconf 83' lang='lat' dir='ltr'><strong>acceperis,</strong></span> <span class='ocrx_word' id='word_1_203' title='bbox 405 2684 490 2740; x_wconf 87' lang='lat' dir='ltr'><strong>brevi</strong></span> <span class='ocrx_word' id='word_1_204' title='bbox 508 2686 588 2740; x_wconf 89' lang='lat' dir='ltr'><strong>enim</strong></span> <span class='ocrx_word' id='word_1_205' title='bbox 606 2686 696 2741; x_wconf 79' lang='lat' dir='ltr'><strong>scribi</strong></span> <span class='ocrx_word' id='word_1_206' title='bbox 714 2686 837 2758; x_wconf 88' lang='lat' dir='ltr'><strong>epistola</strong></span> <span class='ocrx_word' id='word_1_207' title='bbox 853 2704 914 2741; x_wconf 89' lang='lat' dir='ltr'><strong>non</strong></span> <span class='ocrx_word' id='word_1_208' title='bbox 930 2698 1040 2757; x_wconf 80' lang='lat' dir='ltr'><strong>potest.</strong></span> <span class='ocrx_word' id='word_1_209' title='bbox 1075 2688 1177 2742; x_wconf 86' lang='lat' dir='ltr'><strong>Cerol.</strong></span> 
     </span>
     <span class='ocr_line' id='line_1_27' title="bbox 118 2774 1175 2849; baseline 0.007 -23"><span class='ocrx_word' id='word_1_210' title='bbox 118 2774 231 2830; x_wconf 27' lang='lat' dir='ltr'><strong>stadius,</strong></span> <span class='ocrx_word' id='word_1_211' title='bbox 247 2774 371 2830; x_wconf 78' lang='lat' dir='ltr'><strong>traditus</strong></span> <span class='ocrx_word' id='word_1_212' title='bbox 390 2785 436 2830; x_wconf 88' lang='lat' dir='ltr'><strong>est</strong></span> <span class='ocrx_word' id='word_1_213' title='bbox 453 2777 572 2831; x_wconf 85' lang='lat' dir='ltr'><strong>tandem</strong></span> <span class='ocrx_word' id='word_1_214' title='bbox 588 2777 617 2831; x_wconf 91' lang='lat' dir='ltr'><strong>in</strong></span> <span class='ocrx_word' id='word_1_215' title='bbox 634 2776 797 2849; x_wconf 90' lang='lat' dir='ltr'><strong>reprobum</strong></span> <span class='ocrx_word' id='word_1_216' title='bbox 813 2791 952 2845; x_wconf 80' lang='lat' dir='ltr'><strong>sensum,</strong></span> <span class='ocrx_word' id='word_1_217' title='bbox 970 2787 1001 2831; x_wconf 85' lang='lat' dir='ltr'><strong>ut</strong></span> <span class='ocrx_word' id='word_1_218' title='bbox 1018 2778 1175 2847; x_wconf 84' lang='lat' dir='ltr'><strong>desperem</strong></span> 
     </span>
     <span class='ocr_line' id='line_1_28' title="bbox 115 2865 1174 2940; baseline 0.005 -22"><span class='ocrx_word' id='word_1_219' title='bbox 115 2865 180 2933; x_wconf 85' lang='lat' dir='ltr'><strong>ejus</strong></span> <span class='ocrx_word' id='word_1_220' title='bbox 199 2865 335 2919; x_wconf 90' lang='lat' dir='ltr'><strong>reditum.</strong></span> <span class='ocrx_word' id='word_1_221' title='bbox 369 2866 495 2938; x_wconf 87' lang='lat' dir='ltr'><strong>Semper</strong></span> <span class='ocrx_word' id='word_1_222' title='bbox 506 2866 616 2922; x_wconf 88' lang='lat' dir='ltr'><strong>alienus</strong></span> <span class='ocrx_word' id='word_1_223' title='bbox 628 2883 643 2920; x_wconf 86' lang='lat' dir='ltr'><strong>a</strong></span> <span class='ocrx_word' id='word_1_224' title='bbox 654 2867 747 2936; x_wconf 82' lang='lat' dir='ltr'><strong>gloria</strong></span> <span class='ocrx_word' id='word_1_225' title='bbox 759 2865 868 2923; x_wconf 78' lang='lat' dir='ltr'><strong>Christi</strong></span> <span class='ocrx_word' id='word_1_226' title='bbox 880 2868 948 2935; x_wconf 80' lang='lat' dir='ltr'><strong>fuit,</strong></span> <span class='ocrx_word' id='word_1_227' title='bbox 967 2867 1081 2940; x_wconf 88' lang='lat' dir='ltr'><strong>eritque</strong></span> <span class='ocrx_word' id='word_1_228' title='bbox 1095 2870 1174 2923; x_wconf 85' lang='lat' dir='ltr'><strong>forte</strong></span> 
     </span>
     <span class='ocr_line' id='line_1_29' title="bbox 115 2954 1234 3028; baseline 0.004 -20"><span class='ocrx_word' id='word_1_229' title='bbox 115 2954 145 3008; x_wconf 89' lang='lat' dir='ltr'><strong>ln</strong></span> <span class='ocrx_word' id='word_1_230' title='bbox 163 2965 353 3027; x_wconf 85' lang='lat' dir='ltr'><strong>perpetuum:</strong></span> <span class='ocrx_word' id='word_1_231' title='bbox 370 2955 432 3010; x_wconf 83' lang='lat' dir='ltr'><strong>huc</strong></span> <span class='ocrx_word' id='word_1_232' title='bbox 451 2956 579 3028; x_wconf 85' lang='lat' dir='ltr'><strong>perpulit</strong></span> <span class='ocrx_word' id='word_1_233' title='bbox 595 2973 664 3012; x_wconf 89' lang='lat' dir='ltr'><strong>eum</strong></span> <span class='ocrx_word' id='word_1_234' title='bbox 680 2957 781 3013; x_wconf 85' lang='lat' dir='ltr'><strong>insana</strong></span> <span class='ocrx_word' id='word_1_235' title='bbox 798 2957 906 3027; x_wconf 83' lang='lat' dir='ltr'><strong>gloriae</strong></span> <span class='ocrx_word' id='word_1_236' title='bbox 923 2967 953 3013; x_wconf 91' lang='lat' dir='ltr'><strong>et</strong></span> <span class='ocrx_word' id='word_1_237' title='bbox 963 2957 1056 3012; x_wconf 84' lang='lat' dir='ltr'><strong>laudis</strong></span> <span class='ocrx_word' id='word_1_238' title='bbox 1069 2957 1172 3014; x_wconf 88' lang='lat' dir='ltr'><strong>libido.</strong></span> <span class='ocrx_word' id='word_1_239' title='bbox 1231 2955 1234 2960; x_wconf 84' lang='grc'><strong><em>’</em></strong></span> 
     </span>
     <span class='ocr_line' id='line_1_30' title="bbox 114 3046 1172 3124; baseline 0.002 -26"><span class='ocrx_word' id='word_1_240' title='bbox 114 3046 266 3101; x_wconf 80' lang='lat' dir='ltr'><strong>Inserreior</strong></span> <span class='ocrx_word' id='word_1_241' title='bbox 283 3047 372 3115; x_wconf 83' lang='lat' dir='ltr'><strong>milri,</strong></span> <span class='ocrx_word' id='word_1_242' title='bbox 391 3047 451 3106; x_wconf 87' lang='lat' dir='ltr'><strong>imo</strong></span> <span class='ocrx_word' id='word_1_243' title='bbox 469 3048 558 3102; x_wconf 81' lang='lat' dir='ltr'><strong>nobis</strong></span> <span class='ocrx_word' id='word_1_244' title='bbox 576 3058 640 3116; x_wconf 88' lang='lat' dir='ltr'><strong>est,</strong></span> <span class='ocrx_word' id='word_1_245' title='bbox 658 3064 746 3124; x_wconf 91' lang='lat' dir='ltr'><strong>quam</strong></span> <span class='ocrx_word' id='word_1_246' title='bbox 760 3048 812 3103; x_wconf 89' lang='lat' dir='ltr'><strong>ulli</strong></span> <span class='ocrx_word' id='word_1_247' title='bbox 830 3049 974 3103; x_wconf 85' lang='lat' dir='ltr'><strong>hactenus</strong></span> <span class='ocrx_word' id='word_1_248' title='bbox 994 3049 1102 3103; x_wconf 82' lang='lat' dir='ltr'><strong>fuerint</strong></span> <span class='ocrx_word' id='word_1_249' title='bbox 1118 3049 1172 3103; x_wconf 87' lang='lat' dir='ltr'><strong>ini.</strong></span> 
     </span>
     <span class='ocr_line' id='line_1_31' title="bbox 114 3135 1171 3207; baseline 0.006 -21"><span class='ocrx_word' id='word_1_250' title='bbox 114 3135 204 3203; x_wconf 87' lang='lat' dir='ltr'><strong>mici,</strong></span> <span class='ocrx_word' id='word_1_251' title='bbox 229 3147 261 3190; x_wconf 88' lang='lat' dir='ltr'><strong>ut</strong></span> <span class='ocrx_word' id='word_1_252' title='bbox 278 3147 381 3207; x_wconf 87' lang='lat' dir='ltr'><strong>putem</strong></span> <span class='ocrx_word' id='word_1_253' title='bbox 399 3154 460 3192; x_wconf 90' lang='lat' dir='ltr'><strong>non</strong></span> <span class='ocrx_word' id='word_1_254' title='bbox 478 3154 539 3191; x_wconf 88' lang='lat' dir='ltr'><strong>uno</strong></span> <span class='ocrx_word' id='word_1_255' title='bbox 557 3136 675 3192; x_wconf 87' lang='lat' dir='ltr'><strong>diabolo</strong></span> <span class='ocrx_word' id='word_1_256' title='bbox 694 3137 856 3192; x_wconf 73' lang='lat' dir='ltr'><strong>obsessum</strong></span> <span class='ocrx_word' id='word_1_257' title='bbox 871 3136 1070 3191; x_wconf 85' lang='lat' dir='ltr'><strong>miserabilem</strong></span> <span class='ocrx_word' id='word_1_258' title='bbox 1088 3137 1171 3192; x_wconf 88' lang='lat' dir='ltr'><strong>illum</strong></span> 
     </span>
     <span class='ocr_line' id='line_1_32' title="bbox 116 3223 1172 3298; baseline 0.002 -22"><span class='ocrx_word' id='word_1_259' title='bbox 116 3223 280 3280; x_wconf 86' lang='lat' dir='ltr'><strong>hominem.</strong></span> <span class='ocrx_word' id='word_1_260' title='bbox 312 3226 402 3281; x_wconf 84' lang='lat' dir='ltr'><strong>Deus</strong></span> <span class='ocrx_word' id='word_1_261' title='bbox 419 3225 597 3280; x_wconf 82' lang='lat' dir='ltr'><strong>misereatur</strong></span> <span class='ocrx_word' id='word_1_262' title='bbox 615 3226 679 3297; x_wconf 79' lang='lat' dir='ltr'><strong>ejus</strong></span> <span class='ocrx_word' id='word_1_263' title='bbox 696 3227 825 3297; x_wconf 86' lang='lat' dir='ltr'><strong>peccati,</strong></span> <span class='ocrx_word' id='word_1_264' title='bbox 837 3243 905 3298; x_wconf 82' lang='lat' dir='ltr'><strong>¹quo</strong></span> <span class='ocrx_word' id='word_1_265' title='bbox 923 3235 1028 3296; x_wconf 86' lang='lat' dir='ltr'><strong>peccat</strong></span> <span class='ocrx_word' id='word_1_266' title='bbox 1045 3227 1172 3282; x_wconf 89' lang='lat' dir='ltr'><strong>admor.</strong></span> 
     </span>
     <span class='ocr_line' id='line_1_33' title="bbox 115 3315 1169 3388; baseline 0.009 -24"><span class='ocrx_word' id='word_1_267' title='bbox 115 3321 186 3366; x_wconf 89' lang='lat' dir='ltr'><strong>tem.</strong></span> <span class='ocrx_word' id='word_1_268' title='bbox 219 3315 290 3369; x_wconf 88' lang='lat' dir='ltr'><strong>Vale</strong></span> <span class='ocrx_word' id='word_1_269' title='bbox 319 3327 349 3371; x_wconf 86' lang='lat' dir='ltr'><strong>et</strong></span> <span class='ocrx_word' id='word_1_270' title='bbox 377 3331 429 3370; x_wconf 90' lang='lat' dir='ltr'><strong>ora</strong></span> <span class='ocrx_word' id='word_1_271' title='bbox 456 3332 512 3388; x_wconf 92' lang='lat' dir='ltr'><strong>pro</strong></span> <span class='ocrx_word' id='word_1_272' title='bbox 541 3332 601 3371; x_wconf 89' lang='lat' dir='ltr'><strong>me.</strong></span> <span class='ocrx_word' id='word_1_273' title='bbox 635 3315 876 3387; x_wconf 77' lang='lat' dir='ltr'><strong>Witembergae‚</strong></span> <span class='ocrx_word' id='word_1_274' title='bbox 904 3319 945 3371; x_wconf 87' lang='grc'><strong>13.</strong></span> <span class='ocrx_word' id='word_1_275' title='bbox 971 3315 1169 3388; x_wconf 75' lang='lat' dir='ltr'><strong>Septembris,</strong></span> 
     </span>
     <span class='ocr_line' id='line_1_34' title="bbox 117 3397 667 3462; baseline 0.018 -7"><span class='ocrx_word' id='word_1_276' title='bbox 117 3419 193 3457; x_wconf 88' lang='lat' dir='ltr'><strong>anno</strong></span> <span class='ocrx_word' id='word_1_277' title='bbox 211 3402 393 3462; x_wconf 81' lang='lat' dir='ltr'><strong>MDxxtv.</strong></span> <span class='ocrx_word' id='word_1_278' title='bbox 663 3397 667 3405; x_wconf 45' lang='grc'><strong><em>’</em></strong></span> 
     </span>
    </p>

    <p class='ocr_par' dir='ltr' id='par_1_9' title="bbox 801 3483 1203 3554">
     <span class='ocr_line' id='line_1_35' title="bbox 801 3483 1203 3554; baseline 0.012 -4"><span class='ocrx_word' id='word_1_279' title='bbox 801 3493 949 3552; x_wconf 73' lang='lat' dir='ltr'><strong>Martinus</strong></span> <span class='ocrx_word' id='word_1_280' title='bbox 968 3493 1134 3554; x_wconf 86' lang='lat' dir='ltr'><strong>Lutirerus.</strong></span> <span class='ocrx_word' id='word_1_281' title='bbox 1201 3483 1203 3488; x_wconf 38' lang='lat'><strong>¹</strong></span> 
     </span>
    </p>
   </div>
   <div class='ocr_carea' id='block_1_9' title="bbox 165 3742 994 3829">
    <p class='ocr_par' dir='ltr' id='par_1_10' title="bbox 165 3742 994 3829">
     <span class='ocr_line' id='line_1_36' title="bbox 165 3742 994 3829; baseline 0 -13"><span class='ocrx_word' id='word_1_282' title='bbox 165 3771 187 3819; x_wconf 92' lang='lat' dir='ltr'><strong>l)</strong></span> <span class='ocrx_word' id='word_1_283' title='bbox 210 3768 271 3818; x_wconf 66' lang='lat' dir='ltr'><strong>bittit</strong></span> <span class='ocrx_word' id='word_1_284' title='bbox 286 3767 344 3813; x_wconf 81' lang='lat' dir='ltr'><strong>Cod.</strong></span> <span class='ocrx_word' id='word_1_285' title='bbox 358 3767 411 3815; x_wconf 86' lang='lat' dir='ltr'><strong>Jeu.</strong></span> <span class='ocrx_word' id='word_1_286' title='bbox 462 3770 485 3823; x_wconf 84' lang='grc'><strong>2)</strong></span> <span class='ocrx_word' id='word_1_287' title='bbox 500 3769 567 3816; x_wconf 86' lang='lat' dir='ltr'><strong>cod.</strong></span> <span class='ocrx_word' id='word_1_288' title='bbox 581 3768 596 3814; x_wconf 82' lang='lat' dir='ltr'>J</span> <span class='ocrx_word' id='word_1_289' title='bbox 602 3742 645 3815; x_wconf 74' lang='lat' dir='ltr'><strong>e⁴u.</strong></span> <span class='ocrx_word' id='word_1_290' title='bbox 660 3747 791 3827; x_wconf 73' lang='lat' dir='ltr'><strong>inperialia</strong></span> <span class='ocrx_word' id='word_1_291' title='bbox 806 3771 831 3818; x_wconf 86' lang='lat' dir='ltr'><strong>ei</strong></span> <span class='ocrx_word' id='word_1_292' title='bbox 843 3767 994 3829; x_wconf 79' lang='lat' dir='ltr'><strong>impetimur.</strong></span> 
     </span>
    </p>
   </div>
   <div class='ocr_carea' id='block_1_10' title="bbox 116 3910 342 3923">
    <p class='ocr_par' dir='ltr' id='par_1_11' title="bbox 116 3910 342 3923">
     <span class='ocr_line' id='line_1_37' title="bbox 116 3910 342 3923; baseline 0 0"><span class='ocrx_word' id='word_1_293' title='bbox 116 3910 342 3923; x_wconf 53' lang='lat'><strong>*-</strong></span> 
     </span>
    </p>
   </div>
   <div class='ocr_carea' id='block_1_11' title="bbox 164 4007 668 4062">
    <p class='ocr_par' dir='ltr' id='par_1_12' title="bbox 164 4007 668 4062">
     <span class='ocr_line' id='line_1_38' title="bbox 164 4007 668 4062; baseline -0.018 0"><span class='ocrx_word' id='word_1_294' title='bbox 164 4013 187 4062; x_wconf 83' lang='lat' dir='ltr'><strong>&#39;l</strong></span> <span class='ocrx_word' id='word_1_295' title='bbox 201 4007 258 4062; x_wconf 59' lang='grc' dir='ltr'><strong>Μ.</strong></span> <span class='ocrx_word' id='word_1_296' title='bbox 272 4007 317 4058; x_wconf 63' lang='lat' dir='ltr'><strong>ffit.</strong></span> <span class='ocrx_word' id='word_1_297' title='bbox 330 4013 353 4054; x_wconf 75' lang='lat' dir='ltr'><strong>ll.</strong></span> <span class='ocrx_word' id='word_1_298' title='bbox 365 4009 399 4057; x_wconf 65' lang='lat' dir='ltr'><strong>td</strong></span> <span class='ocrx_word' id='word_1_299' title='bbox 413 4009 491 4061; x_wconf 68' lang='lat' dir='ltr'><strong>derit.</strong></span> <span class='ocrx_word' id='word_1_300' title='bbox 516 4008 561 4056; x_wconf 79' lang='lat' dir='ltr'><strong>No.</strong></span> <span class='ocrx_word' id='word_1_301' title='bbox 575 4007 668 4055; x_wconf 74' lang='lat' dir='ltr'><strong>dxcv.</strong></span> 
     </span>
    </p>
   </div>
   <div class='ocr_carea' id='block_1_12' title="bbox 0 0 1292 4724">
    <p class='ocr_par' dir='ltr' id='par_1_13' title="bbox 0 0 1292 4724">
     <span class='ocr_line' id='line_1_39' title="bbox 0 0 1292 4724; baseline 0 1"><span class='ocrx_word' id='word_1_302' title='bbox 0 0 1292 4724; x_wconf 95' lang='lat' dir='ltr'><strong> </strong></span> 
     </span>
    </p>
   </div>
  </div>
 </body>
</html>
