2574 4724
194 306 236 377 48
685 311 774 381 stat.
837 340 842 351 2

193 465 357 534 allocutus,
386 466 440 524 sed
451 467 547 524 erardo
561 475 660 525 tamen
677 469 768 536 satis,
795 466 1066 540 adsumptionem
1094 475 1125 523 et
1147 460 1240 525 moal·

192 557 313 610 tionem.
778 570 781 576 ·
950 568 977 575 ’·

202 666 205 671 ·
262 646 324 699 Huc
348 646 460 701 ratione
484 664 540 715 ego
556 646 629 701 mihi
646 647 793 704 satisfacio
818 648 847 703 in
865 646 1068 703 rescindendis
1094 653 1239 701 anteesse

192 733 364 788 innovandis
387 737 463 790 votis
488 735 647 804 omnibus,
681 737 754 791 ultra
779 752 867 809 quatu
889 735 960 791 nihil
981 726 1057 791 aliod
1082 748 1240 806 quaeram,

192 825 350 897 quiescens
367 826 394 880 in
408 826 469 880 hac
484 826 642 884 sententia:
665 843 733 881 cum
748 827 798 882 hic
813 827 1065 882 evidentissimum
1080 826 1137 895 ait,
1162 826 1241 895 ejus.

191 916 272 969 ntodi
288 929 356 969 vota
373 916 513 970 adversus
531 915 619 970 iidem
634 927 665 971 et
680 916 893 986 Evangelium,
920 926 954 970 ut
969 930 1101 970 susumus
1118 912 1242 969 idolola-

190 1003 280 1071 trias,
308 1007 409 1058 voveri
432 1015 461 1059 et
474 1006 614 1074 impleri,
640 1006 664 1059 si
690 1007 793 1059 anitno
813 1006 883 1060 dant
906 1005 1059 1077 quo-dixi·
1094 1004 1122 1058 si
1139 1010 1241 1059 autem

190 1093 290 1149 animo
306 1095 398 1149 libero
416 1104 445 1150 et
460 1096 628 1164 evangelico
646 1097 779 1162 voveris,
797 1105 1004 1168 sponteque-te
1020 1110 1143 1150 servum
1161 1094 1242 1148 fece.

190 1195 247 1240 rtst
266 1184 382 1255 justum
399 1194 458 1251 eet,
483 1194 516 1238 ut
533 1199 635 1239 serves
652 1194 681 1239 et
698 1185 816 1242 solvast
844 1195 1012 1256 quanquam
1028 1200 1089 1238 nou
1106 1198 1241 1238 asseram

189 1275 390 1342 evangelicum
407 1273 537 1329 aninum
548 1273 607 1328 hoc
619 1273 773 1344 aliquando
785 1289 945 1342 ausurum,
963 1283 1126 1328 autentum
1137 1271 1240 1340 fuisse,

189 1364 244 1418 uisi
261 1364 427 1434 deceptum.

253 1451 343 1508 Mitto
359 1468 451 1523 super
464 1451 521 1506 hac
538 1468 570 1506 re
586 1452 810 1522 disputationem
824 1451 868 1522 '),
885 1467 973 1524 quant
990 1453 1014 1506 si
1032 1452 1119 1507 edere
1135 1452 1240 1522 voles,

189 1542 293 1599 addam
309 1541 498 1597 brevissimas
517 1541 731 1609 resolutiones,
749 1543 901 1598 Ecclesiae
920 1544 1241 1617 Wittembergeusiio·

188 1631 322 1703 scriptas.
360 1631 501 1686 Arbitror
523 1631 621 1697 enim,
649 1630 726 1685 hauc
748 1633 923 1687 sententiam
940 1634 1048 1686 claram
1075 1644 1106 1688 et
1123 1632 1240 1686 firmam

188 1722 259 1776 satis
285 1721 313 1774 in
340 1719 496 1791 seripturis
523 1719 625 1774 nixam
653 1736 742 1789 posse
770 1721 866 1775 lucem
902 1730 931 1775 et
950 1722 1116 1792 ‘pubiicum
1152 1720 1240 1776 susti.

186 1824 268 1866 nere.
302 1798 382 1864 Nam
407 1809 444 1863 de
467 1808 543 1864 votis
567 1824 642 1880 quae
670 1809 698 1863 in
724 1809 789 1878 lege
816 1809 1005 1878 scribuntur,
1034 1810 1105 1881 quid
1131 1808 1240 1865 facient

186 1909 291 1955 eontra
306 1898 402 1955 haec?

252 1990 353 2045 Locus
375 1990 423 2044 ille
439 1988 524 2044 Pauli
546 1989 582 2044 de
604 1987 699 2043 viduis
722 1988 864 2045 damnatis
883 1996 1020 2059 superest
1032 2027 1042 2055 ,
1066 2004 1158 2060 quem
1175 2004 1237 2047 nou

185 2079 279 2151 patiar
295 2079 442 2134 adversari
464 2078 535 2133 huic
552 2078 711 2133 sententiae
729 2079 764 2131 de
780 2081 844 2147 lege
862 2089 894 2133 et
911 2078 983 2134 fide:
1004 2095 1103 2152 neque
1114 2080 1148 2148 ¹ei
1164 2094 1237 2135 con.

185 2168 307 2236 cedant,
330 2169 426 2241 potius
443 2168 603 2223 obsonium
621 2165 802 2226 confitebort
828 2178 877 2222 aut
898 2167 942 2222 sic
958 2166 1129 2238 intelligam,
1153 2168 1235 2241 quod

184 2261 250 2316 illae
266 2260 369 2314 viduae
386 2258 514 2314 libertate
533 2257 599 2313 fidei
616 2266 777 2314 voverunt:
800 2274 877 2328 quae
899 2269 961 2312 tum
990 2274 1095 2314 recens
1117 2264 1235 2330 cognita

185 2357 263 2415 erat,
284 2348 532 2419 quemadmodum
557 2359 585 2402 et
601 2347 715 2403 Demas
743 2358 772 2402 et
788 2346 823 2402 P.
843 2348 870 2416 ¹)
896 2347 925 2401 lu
942 2348 1012 2401 Asia
1036 2364 1142 2405 omues
1168 2366 1234 2404 eam

183 2439 376 2510 reliquerunt.
409 2441 448 2491 At
471 2447 606 2492 nostrum
629 2437 734 2506 vulgus
758 2437 861 2507 gentile
883 2438 990 2506 vulgus
1007 2449 1071 2506 est,
1101 2439 1173 2495 nihil
1199 2441 1247 2493 de·

184 2527 241 2583 lide
259 2544 387 2599 unquam
405 2528 532 2581 domum.
565 2527 615 2580 Tu
644 2529 713 2597 quid
730 2527 909 2598 superhaec
925 2529 1032 2584 sentias
1055 2538 1085 2584 et
1095 2530 1234 2600 judicet,

184 2617 323 2673 rescribe.
358 2616 437 2672 Nuda
449 2617 512 2686 jum
530 2616 599 2670 olim
617 2616 716 2670 detrita
740 2615 815 2669 haec
832 2616 884 2670 tibi
902 2618 1034 2676 arbitror.

251 2706 353 2774 Arguit
376 2705 464 2759 otiam
488 2714 626 2759 votorum
644 2705 810 2773 stultitiam,
834 2707 915 2776 quod
939 2716 1094 2778 paupertas
1119 2717 1148 2762 et
1164 2708 1235 2765 obe.

184 2795 289 2851 dientia
305 2806 448 2863 vovetur,
467 2811 541 2865 quae
561 2796 633 2848 duae
651 2811 699 2849 res
718 2806 764 2849 aut
782 2794 970 2862 lictaesuut,
999 2807 1047 2850 aut
1062 2797 1163 2852 solum
1180 2814 1235 2870 pro

183 2888 281 2958 pueris
308 2885 435 2956 primurn
458 2884 622 2939 erudiendis
647 2885 796 2955 quondam
813 2885 978 2952 institutae,
1005 2896 1037 2942 ut
1061 2887 1236 2946 universum

184 2977 314 3031 vovendi
339 2976 487 3044 negotium
515 2973 656 3045 quaedum
684 2973 859 3044 paedagogio
885 2976 1017 3031 videatur
1040 2977 1153 3044 luisse,
1177 2977 1233 3034 sub

183 3078 274 3138 quun
290 3064 479 3120 iufinniorem
496 3074 619 3117 aetatem
636 3063 817 3118 custodirent
829 3066 921 3135 pueri.
955 3065 1045 3121 Nunc
1056 3068 1111 3121 viri
1124 3080 1234 3125 roveut

184 3169 212 3212 et
231 3157 258 3211 in
277 3165 452 3228 perpetuum
462 3193 472 3220 ,
489 3169 564 3224 quos
583 3153 644 3208 aliis
660 3152 811 3208 charitatis
829 3152 930 3209 officiis
947 3155 1058 3210 servire
1075 3160 1217 3227 oportuit.

250 3247 329 3320 Quid
347 3246 450 3314 igitur,
475 3258 580 3299 sumne
604 3253 641 3297 etv
657 3242 719 3313 ipse
731 3243 794 3313 jam
813 3242 886 3298 liber
909 3255 940 3299 et
960 3261 1019 3300 nou
1044 3246 1234 3305 monachus?

183 3339 350 3406 Cogitasue,
369 3344 400 3389 ut
416 3335 467 3389 lias
484 3333 696 3399 mihi‘Demea,
713 3343 743 3388 et
760 3333 878 3390 Mitioni
893 3333 1095 3391 huictandeut
1106 3338 1235 3409 aliquam

233 3524 253 3572 t)
269 3519 406 3577 Phygellus,
419 3518 600 3573 Hermogenes,
615 3525 653 3562 out
665 3516 746 3564 mouit
759 3517 799 3569 itu
812 3517 891 3564 Auris.

182 3617 377 3634 w

231 3677 254 3728 ⁴)
268 3672 394 3731 Episcopis
413 3675 438 3718 et
449 3670 564 3718 Diacouis
576 3669 699 3716 Ecclesiae
712 3671 933 3731 Witteubetgeutie
956 3676 986 3722 do
1003 3679 1065 3725 voto
1084 3677 1233 3737 religiosam

182 3748 357 3807 disputantibus
371 3746 441 3794 Mart.
456 3743 574 3791 Lutlaerus
587 3756 672 3790 servus
685 3743 744 3791 haec
757 3745 839 3791 mittit.
866 3747 963 3810 Viteb.
978 3749 995 3794 l.
1008 3751 1055 3800 iii.
1075 3751 1141 3799 Jeu.
1155 3754 1173 3801 l.
1186 3758 1231 3807 diu.

184 3822 244 3873 dud
258 3821 376 3874 innuisti
389 3817 490 3874 attrutit
510 3823 578 3865 uttttt
591 3820 640 3865 ism
653 3818 730 3868 Utri:
751 3818 870 3864 iudicium
884 3820 916 3866 Μ.
930 3821 956 3867 L.
971 3822 1000 3868 de
1013 3823 1094 3878 votis,
1117 3816 1233 3885 scriptun

183 3895 212 3941 ad
231 3893 365 3951 Episcopus
384 3895 409 3937 et
426 3887 548 3936 Diaconos
566 3888 710 3945 Witteberg.
732 3888 862 3937 Ecclesiae.
888 3892 987 3942 vitet.
1008 3897 1062 3948 1521.
1077 3899 1098 3948 i.
1118 3898 1233 3953 'veneta

182 3967 271 4028 outtt
283 3968 316 4017 c.
330 3967 375 4015 tto
400 3963 490 4017 cetat.
503 3958 579 4010 ilvtl.
590 3961 637 4013 tit.
664 3961 758 4014 &otto
770 3962 833 4010 xlx.
848 3964 906 4013 17⁹7.
1086 3964 1092 3968 '
