2574 4724
582 349 673 418 1522.
1083 345 1146 418 aad

97 517 174 576 opus
198 501 309 560 babeas
334 505 444 563 auxilio
469 507 504 562 ad
528 523 576 562 eas
598 506 803 565 conminutas:
830 513 927 563 tamen
949 523 988 565 ne
1003 505 1077 563 nihii
1092 506 1146 563 tibi

98 597 313 666 respondeam,
330 599 402 652 volo
419 596 510 652 verba
527 608 555 651 et
573 608 691 667 tempus
709 599 841 667 perdere.

164 686 213 740 Ad
237 703 330 740 unum
356 698 441 741 tuum
466 687 643 752 articulum,
667 688 783 743 scilicet
799 687 871 742 nihil
889 702 955 741 ease
979 687 1147 743 addendum

99 775 199 831 verbio
217 776 297 844 Dei,
322 777 390 830 ideo
408 776 529 831 misaam
545 794 606 831 non
624 792 692 833 ease
715 776 893 831 sacrificium
909 777 1063 831 dicendam
1081 778 1148 831 abet

98 881 156 936 que
173 865 269 918 verbo
286 864 345 919 Dei
355 905 364 932 ,
389 865 429 919 illi
451 876 510 920 tres
536 877 708 936 opponunt,
731 865 783 936 qui
800 877 896 919 tamen
913 882 972 920 non
998 865 1055 921 nisi
1071 880 1148 921 unua

99 963 186 1014 cunt„
205 955 321 1010 scilicet
334 954 503 1010 Ecclesiam
517 955 560 1009 sic
572 956 702 1023 aentire,
719 971 791 1024 ergo
805 955 849 1010 sic
861 954 1053 1013 centenum
1088 954 1149 1011 Ta.

98 1059 169 1099 men
184 1045 338 1098 videamur
354 1062 410 1115 per
426 1046 570 1101 ordinem.

164 1131 267 1187 Primo
284 1135 402 1205 quando
420 1134 539 1201 dicunt,
561 1144 591 1187 te
608 1133 717 1206 aliquid
734 1132 841 1188 addere
857 1131 956 1189 verbis
974 1132 1053 1198 Dei,
1077 1131 1149 1191 dum

97 1220 197 1289 dicis,
211 1223 334 1277 missam
351 1240 412 1278 non
431 1239 497 1277 esee
515 1223 713 1290 sacrificium,
739 1239 808 1276 cum
825 1222 977 1293 Scriptura
992 1238 1054 1277 non
1070 1221 1149 1277 dicat

97 1314 161 1366 non
186 1328 255 1366 ease
275 1313 472 1378 sacrificinm,
496 1330 557 1367 non
579 1314 679 1368 vident
702 1312 865 1368 amitisaimi
884 1310 1149 1399 hominenanod

98 1401 224 1470 exigunt
239 1403 404 1471 negativam
420 1402 561 1472 probari,
577 1419 647 1456 cum
659 1403 746 1458 etiam
757 1403 786 1457 in
802 1401 891 1457 rebus
909 1401 1009 1456 mundi
1022 1401 1148 1472 juristae

99 1491 215 1544 dicant:
232 1492 363 1560 negativa
379 1509 440 1546 non
456 1492 606 1563 probatur.
641 1493 751 1546 Sufficit
769 1510 840 1560 ergo
854 1491 1015 1547 christiano
1027 1492 1063 1545 ad
1077 1506 1151 1549 con.

102 1580 258 1633 futandum
273 1597 409 1636 errorem
419 1581 581 1651 quendibet
592 1582 704 1655 dicere:
722 1581 873 1652 Scriptura
886 1580 1056 1636 nonhabet.
1086 1579 1148 1654 Qui

102 1686 177 1724 vero
193 1658 393 1724 affinnativam
410 1669 515 1739 habet,
533 1682 648 1726 tenetur
665 1671 807 1742 probare:
823 1671 875 1742 qui
887 1668 1150 1738 rescindentem

101 1770 192 1828 erret,
217 1770 266 1814 aut
288 1761 350 1832 ipsa
368 1763 522 1830 negatione
541 1762 689 1816 contraria
705 1761 798 1816 vietus
815 1771 872 1816 est.
905 1761 957 1816 Tu
980 1769 1084 1816 autern
1100 1777 1152 1819 nea

101 1866 169 1920 gas,
196 1850 281 1904 etiili
299 1850 455 1917 affirmant,
482 1850 603 1904 missam
628 1866 696 1905 eese
719 1849 918 1914 sacrificium,
940 1849 1009 1904 ideo
1022 1865 1084 1905 non
1101 1858 1151 1914 tu,

102 1940 160 1994 aed·
175 1939 215 1994 illi
233 1939 339 1994 debent
356 1940 479 2010 probare
497 1940 657 2012 Scripturis
675 1939 962 1997 auamnententiam.
989 1938 1110 2008 Alioqui
1124 1939 1150 1995 si

103 2030 165 2084 hoc
181 2047 244 2084 non
260 2040 446 2097 servaretur,
463 2030 549 2096 vide,
567 2045 642 2100 quae
658 2038 791 2082 monstra
807 2027 1154 2098 aequerentur,·scilicet

103 2119 287 2174 Hieroboam
303 2119 452 2189 potuisset
469 2118 565 2172 dicere
583 2117 691 2172 sanctis
708 2116 870 2188 Prophetis
886 2117 1059 2186 negantibus
1078 2132 1152 2174 suos

102 2209 229 2263 vitulos:
253 2224 312 2263 voa
327 2224 388 2262 non
405 2207 531 2279 potestis
550 2208 725 2275 ostendere,
741 2206 852 2261 vitulos
869 2207 943 2262 istos
961 2223 1024 2261 non
1039 2221 1109 2262 ease·
1121 2207 1153 2262 in

102 2287 287 2369 scripturis,
310 2314 383 2366 ergo
400 2314 461 2351 non
477 2307 547 2351 eunt
564 2296 726 2352 damnandi.
761 2296 951 2363 steatchab,
967 2296 1013 2351 sic
1033 2297 1152 2367 dachas,

102 2401 134 2443 et
152 2406 257 2443 omnes
275 2389 443 2459 potuissent
459 2389 573 2455 dicere,
592 2387 746 2442 cumniltil
758 2403 878 2455 eorum,
896 2404 971 2458 quae
988 2387 1151 2457 iaciebant,

101 2491 187 2532 easet
204 2479 385 2534 nominatum
402 2477 431 2530 in
443 2478 616 2547 Scripturia,
635 2488 665 2531 et
682 2493 734 2546 per
746 2476 808 2530 hoc
821 2478 919 2532 solum
932 2477 1152 2546 damnabantur,

102 2570 186 2639 quod
205 2586 263 2622 non
281 2578 382 2622 essent
399 2567 427 2620 in
440 2567 611 2636 Scriptnris.
646 2568 695 2620 Sic
712 2567 792 2620 stulti
811 2567 855 2619 isti
869 2569 974 2620 fratres
990 2568 1153 2634 gloriantur

103 2676 166 2713 non
182 2674 248 2710 ease
266 2658 294 2710 in
306 2656 481 2726 scriptoria,
499 2656 620 2709 missam
631 2673 692 2708 non
705 2672 773 2709 ease
786 2656 959 2710 sacrificium
967 2697 977 2723 ,
995 2673 1064 2712 cum
1076 2657 1159 2713 haec·

103 2749 226 2820 propria
244 2748 395 2802 consessio
413 2747 449 2800 sit
468 2762 572 2799 eorum
590 2746 724 2799 confusio
743 2759 771 2799 et
788 2747 954 2813 convictio,
972 2748 1054 2817 quod
1071 2765 1153 2822 asse.

104 2852 175 2893 runt
195 2839 266 2903 tale,
284 2839 364 2909 quod
381 2853 437 2890 nec
456 2836 623 2889 affirmative
641 2853 697 2888 nec
714 2836 847 2904 negative
864 2837 893 2890 in
912 2837 1070 2908 scripturis
1089 2849 1151 2905 esta

104 2929 188 2982 etita
207 2944 277 2981 rere
303 2927 410 2980 addunt
427 2926 528 2978 verbis
545 2924 616 2977 Dei.
652 2924 713 2997 Qui
737 2942 810 2977 vero
835 2935 937 2994 negat,
961 2925 1034 2979 nihii
1059 2928 1152 2994 addit,

105 3019 158 3072 sed
177 3029 332 3085 negantem
350 3016 528 3085 scripturam
547 3014 661 3066 adducit
679 3023 800 3067 tantum.
834 3015 900 3068 Hoc
927 3016 993 3070 solo
1012 3017 1155 3084 probatur

104 3109 218 3161 abunde
248 3106 396 3175 negativa,
426 3104 492 3175 quia
519 3104 668 3173 Scriptura
694 3113 781 3172 negat
808 3102 925 3159 dicens:
954 3103 1025 3159 nihil
1053 3107 1153 3161 addas.

106 3198 201 3262 Item,
228 3197 253 3250 ai
281 3196 411 3264 negativa
434 3193 552 3264 probari
576 3193 697 3246 deberet
722 3194 756 3246 ad
776 3193 941 3246 dererniam
965 3195 1054 3259 VH„
1084 3212 1154 3250 curu

105 3288 257 3341 Dominus
275 3302 329 3356 per
345 3301 413 3338 eum
431 3282 519 3337 dixit:
549 3283 625 3336 Non
639 3283 807 3353 praecepi,
828 3299 892 3337 non
910 3284 1063 3355 capitoni,
1087 3301 1153 3340 nort

106 3377 253 3431 ascendit
277 3391 373 3446 sacper
395 3384 466 3441 cor,
495 3373 544 3425 ubi
567 3374 664 3426 solum
688 3373 819 3440 negando
846 3374 992 3428 damnavit
1015 3385 1045 3429 et
1066 3376 1155 3444 dicit,

104 3469 236 3521 additum
261 3481 329 3520 esse
350 3465 424 3519 ultra
447 3480 498 3516 arra
523 3474 693 3533 praecepta:
721 3463 888 3533 potuissent
909 3463 1015 3518 ,Iudaei
1039 3466 1154 3522 dicere:

104 3559 158 3612 aed
177 3574 238 3611 non
256 3556 380 3626 probas,
407 3555 489 3624 quod
506 3570 566 3606 non
584 3553 620 3606 ait
636 3564 845 3622 pracceptum,
872 3554 941 3623 quia
957 3553 1033 3608 nihil
1049 3556 1085 3609 de
1102 3573 1156 3612 no.

107 3662 171 3704 stro
191 3651 270 3702 tacto
289 3647 407 3700 dicitur.
443 3645 543 3718 Quare
567 3661 627 3697 non
650 3654 696 3698 est
721 3644 931 3709 damnandum,
957 3661 1024 3699 cum
1049 3648 1156 3722 impios

107 3742 175 3794 ideo
194 3731 327 3802 damnet,
353 3736 433 3809 quod
457 3735 527 3787 nihil
552 3735 587 3786 de
611 3749 714 3786 eorum
733 3734 811 3786 sacto
829 3734 945 3804 probari
964 3746 1076 3805 posset.
1112 3739 1157 3794 Ita

107 3839 136 3884 ct
153 3829 183 3883 iu
203 3828 276 3882 istos
295 3825 399 3880 stultos
413 3825 475 3878 suis
488 3822 585 3876 verbis
597 3837 700 3889 arguas
709 3862 719 3890 ,
738 3823 817 3893 quod
830 3823 896 3877 ideo
910 3823 1062 3878 damnandi
1076 3840 1154 3898 sunt,

105 3919 188 3990 quod
217 3933 270 3971 sua
295 3933 351 3970 nec
381 3912 532 3982 negative,
560 3928 597 3965 ne
626 3910 793 3964 affirmative
824 3911 851 3965 in
879 3912 974 3968 Sacris
1002 3914 1155 3973 habentur.

106 4009 199 4070 idean
217 4007 301 4067 aaran
318 4004 389 4068 utin
408 4001 470 4070 aab
488 4000 526 4070 dn
543 4002 575 4061 ia
592 3996 641 4068 tii
662 3999 686 4069 ir
704 3997 733 4067 id
751 4000 837 4070 nibtt
849 4003 897 4068 tri
910 4001 942 4073 ir
956 4001 984 4070 id
997 4007 1058 4075 auo
1071 4009 1156 4076 trinu
