2574 4724
94 274 105 282 ’
195 323 237 387 ao
682 321 772 389 issi.

173 512 176 517 -
194 478 281 534 nimis
298 486 472 534 constanter
492 478 524 534 id
540 479 631 534 asseri
643 477 763 550 ubique,
782 478 883 547 utjam
900 476 988 532 celari
1006 492 1056 532 res
1073 488 1136 532 non
1151 470 1244 550 pos‘sit

195 567 337 639 amplius,
361 567 415 622 etsi
445 581 501 623 nos
531 567 627 621 adhuc
651 567 767 621 sortiter
794 566 944 644 celamus,
968 565 1170 635 indignantes,
1192 584 1245 622 no.

194 668 286 712 stram
305 655 408 724 fidem,
426 657 541 712 felicem
559 673 680 729 operam
700 655 803 711 leviter
819 656 962 711 frustrari.
995 654 1154 711 Caeterum
1180 672 1246 710 cor·

91 780 94 797 .
193 762 268 818 pore
292 745 366 800 bene
383 746 484 812 valeo,
511 754 540 799 et
563 745 661 800 animo
683 745 754 800 satis
772 743 875 799 alacris
892 761 982 810 sum,
1004 754 1039 799 ut
1064 744 1173 801 trustra
1189 744 1243 805 sibi

192 833 348 907 Philippus
366 836 401 889 de
419 851 468 888 mo
485 834 598 888 somnia
616 832 712 902 fingat.
746 833 775 888 Si
789 831 915 889 morbus
931 850 993 888 non
1009 832 1169 904 remiserit,
1187 832 1247 891 Er.

192 924 316 980 furdiam
332 924 455 979 medicis
472 939 579 978 usums
597 934 703 994 petam.

261 1017 402 1071 Carnium
427 1016 526 1087 impeti
544 1014 690 1083 bellivi,
718 1014 790 1070 nihil
807 1015 930 1070 mirum:
961 1015 1092 1088 nihilque
1114 1031 1243 1088 unquam

192 1105 314 1164 habebit
332 1121 526 1176 prosperum,
551 1115 580 1160 et
596 1115 720 1172 cogetur
742 1105 850 1159 alienas
868 1106 1021 1177 impietatis
1036 1122 1165 1177 poenam
1182 1108 1243 1162 sol.

192 1212 284 1262 vere,
309 1194 407 1248 infelix
425 1194 562 1264 juvenis,
588 1193 669 1266 quod
693 1193 845 1248 veritatem
863 1194 1048 1249 Wormatiae
1072 1194 1155 1248 malis
1173 1213 1245 1249 con.

193 1283 354 1340 sultoribus
372 1282 522 1337 infaciem
540 1282 583 1336 aio
601 1282 771 1353 repudiarit:
797 1292 827 1336 et
843 1280 1033 1337 Germaniam
1050 1283 1182 1338 involvet
1198 1279 1245 1338 ca.
1278 1330 1281 1335 .

192 1375 306 1429 lamitas
323 1389 376 1428 sua
393 1389 522 1444 quoque,
541 1372 623 1444 quod
638 1371 777 1442 impietati
792 1373 963 1428 consensit:
982 1373 1134 1429 Dominus
1146 1384 1244 1428 autem

193 1479 266 1520 suos
283 1472 433 1530 agnoscet.

258 1550 323 1606 Vidi
337 1550 544 1606 Parisiensium
561 1547 760 1620 sophistarum
778 1549 929 1604 decretum
945 1567 1014 1623 cum
1033 1550 1158 1624 Philippi
1175 1570 1246 1623 apo.

193 1641 287 1711 logia,
315 1624 344 1696 et
371 1657 411 1694 ex
439 1642 530 1694 corde
560 1640 683 1708 gaudeo.
717 1638 790 1693 Non
819 1639 897 1693 euim
926 1638 970 1694 sio
993 1657 1046 1695 eos
1070 1653 1246 1698 excaecaret

193 1729 353 1797 Christus,
380 1729 435 1784 nisi
452 1729 610 1783 consulere
636 1727 724 1781 rebus
741 1728 908 1795 statuisset,
936 1738 966 1784 et
991 1729 1079 1784 linem
1102 1733 1245 1803 tyrannidi

192 1819 311 1875 illorum
327 1819 424 1873 iacere
441 1817 591 1889 inciperet.
625 1815 660 1870 ln
671 1815 827 1871 Latomum
843 1817 897 1871 nisi
915 1828 1000 1872 antea
1023 1818 1080 1873 sub
1097 1819 1245 1887 incudem,

193 1906 266 1964 nihil
283 1906 381 1962 habeo
399 1907 495 1973 aliud,
513 1905 593 1978 quod
605 1903 750 1971 scribam,
768 1905 888 1960 eremita
905 1906 1024 1961 tandem
1035 1923 1137 1964 verus.
1172 1908 1243 1965 ideo

194 1997 267 2056 vale.
303 1997 338 2053 ln
355 1996 401 2052 die
418 1984 568 2050 divisionis
585 1993 822 2066 Apostolorum,
839 2011 916 2049 anno
934 1995 1092 2052 MDXXI.

752 2106 901 2164 Martinus
919 2109 1069 2166 Lutherus
1087 2113 1212 2183 August.

226 2411 612 2512 anastasianam.
943 2438 1212 2501 Nncccxxrx.

488 2672 491 2680 .
577 2615 625 2684 sin
648 2554 859 2691 spalatin.

242 2777 298 2825 mon
311 2775 359 2820 trin
373 2771 488 2823 &tritam
502 2771 545 2826 soi
559 2773 582 2822 s.
596 2772 639 2824 anf
649 2752 842 2845 martianam),
856 2778 902 2819 nnn
915 2771 1001 2841 perp,
1014 2774 1107 2830 (seam
1118 2773 1187 2834 sag,
1198 2777 1243 2824 ω

194 2852 236 2898 ten
250 2848 363 2901 natanto
372 2848 398 2894 in
408 2848 505 2900 essars.
840 2850 844 2857 ·

230 3108 282 3161 men
295 3104 460 3152 Aurifaber
473 3102 502 3150 11.
514 3107 534 3152 8.
561 3105 643 3158 altrat.
652 3105 717 3221 {pell
731 3106 787 3152 Jen.
800 3119 835 3163 n,
857 3107 874 3153 i.
889 3111 920 3155 10.
946 3107 1045 3162 vestiti
1059 3111 1099 3162 ten
1113 3090 1228 3160 isnin

688 3178 715 3222 “.
734 3179 781 3227 tlt

196 3316 346 3416 Salutem.
381 3358 478 3413 Audio
504 3373 656 3411 rumorem
684 3359 799 3429 spargi,
825 3361 865 3413 mi
891 3361 1053 3432 Spalatine,
1077 3363 1255 3429 Lutherum,

196 3468 281 3521 agere
304 3451 332 3505 in
356 3466 423 3503 arce
448 3447 607 3517 Wartberg
633 3448 710 3519 apud
736 3448 914 3518 Isenacum,
942 3462 1029 3524 atque
1054 3453 1083 3507 id
1107 3454 1248 3512 homines

195 3540 336 3612 suspicari
352 3539 436 3606 l'aoit,
454 3537 535 3609 quod
550 3537 609 3590 illic
626 3536 655 3591 in
672 3537 743 3591 silva
761 3550 865 3608 captus
881 3541 946 3594 sim.
982 3544 1038 3597 sed
1056 3544 1127 3598 dum
1145 3546 1188 3601 illi
1203 3548 1246 3602 sic

195 3631 370 3702 opinantur,
394 3645 449 3697 ego
473 3628 589 3683 interim
612 3625 663 3686 liic
687 3638 767 3683 tutus
784 3629 881 3695 lateo,
907 3631 999 3686 modo
1016 3633 1156 3691 fratribus
1173 3636 1246 3694 fides

244 3864 268 3914 ⁰)
282 3861 341 3910 stari
350 3859 379 3904 v.
393 3860 457 3911 nette
470 3858 496 3905 la
509 3857 620 3907 eandm
634 3858 799 3912 &montanam
812 3869 838 3911 m
852 3859 976 3915 tinnient
990 3866 1100 3915 autnon
1113 3870 1169 3921 aad
1183 3871 1245 3925 tona
1260 3924 1263 3934 Ι

196 3939 242 3987 nst
254 3937 328 3993 nnana
342 3934 373 3985 ln
387 3932 462 3987 stain
475 3938 521 3980 ton
535 3930 682 3987 sentierint
697 3931 806 3988 insistet
819 3933 953 3984 annotant.
