2574 4724
198 298 239 377 so
675 314 776 377 trata

198 478 227 550 et
242 466 303 523 hoc
320 469 430 524 vetitus
447 484 530 535 sum,
552 486 589 523 ue
609 470 734 541 quando-
749 468 821 524 mini
845 485 913 523 cnut
934 469 1073 525 alterutro
1095 467 1263 539 negotium,

198 558 297 625 lieret,
314 559 431 629 qnando
448 559 609 614 Erasmutn
627 577 642 613 a
659 561 826 630 cognitione
843 561 951 629 gentiee
968 561 1162 631 longinquum
1179 577 1245 616 esse

197 649 347 718 viderem,
369 651 419 722 qui
441 667 507 704 non
520 652 554 704 nd
572 667 692 704 crucem
702 688 712 717 ,
736 652 789 704 sed
807 651 841 705 nti
860 667 961 719 puccm
978 660 1091 720 spectet
1105 652 1135 705 iu
1153 649 1247 719 omni.

195 737 254 797 ltus
272 738 397 808 scriptis.
434 738 510 792 Hinc
523 740 619 792 omnin
632 748 712 810 putat
724 734 846 793 civiliter
856 748 886 792 et
904 738 1107 793 benevolentia
1121 740 1249 810 quadarn

195 827 381 882 ittnuunitatis
404 830 551 882 tractanda
576 828 776 899 gerendaque:
799 828 852 881 sed
873 826 952 881 itanc
965 807 1028 882 iton
1045 835 1131 882 curat
1147 828 1249 884 Bebe-

195 915 295 981 moth,
311 933 409 987 neque
425 915 496 971 hinc
514 918 673 986 ‹pticqnutn
689 931 756 974 sese
774 917 920 970 emendat.
1246 966 1249 975 ,

255 1003 387 1065 Memini
403 1021 471 1072 me,
489 1006 559 1058 tium
577 1005 605 1058 iu
625 1004 802 1074 praefatione
819 1021 872 1059 sua
889 1004 917 1058 in
930 1005 1055 1060 Novum
1068 1004 1246 1060 Testamen.

194 1104 257 1155 tum
273 1095 309 1149 de
327 1110 359 1148 se
377 1095 442 1165 ipso
459 1095 584 1148 diceret:
610 1095 734 1162 glorium
754 1094 837 1148 facile
861 1094 1021 1149 contemnit
1040 1093 1247 1162 Christianus,

193 1185 223 1240 iu
240 1185 415 1238 cordemeo
428 1186 588 1253 cogitasse:
606 1203 625 1238 ο
641 1185 783 1251 lirnsme,
800 1183 925 1249 falleris,
942 1184 1043 1239 timeo.
1072 1185 1246 1254 Magnetes

193 1286 240 1334 tet
254 1275 377 1344 glorium
394 1285 597 1330 contemnere.
614 1279 671 1328 ‘alt
695 1275 741 1330 ille
765 1275 808 1328 sic
831 1283 1025 1329 contemnere
1048 1290 1113 1328 earn
1130 1275 1245 1351 voluit,

192 1366 226 1425 tit
244 1357 411 1421 contemtus
428 1380 504 1420 esset
522 1382 581 1419 uon
599 1363 634 1418 alr
651 1364 712 1419 aliis
728 1363 783 1419 sibi
801 1364 915 1431 illatus,
940 1364 993 1418 sed
1016 1364 1091 1434 apud
1109 1379 1176 1419 sese
1192 1370 1246 1417 co'.

183 1448 308 1529 'giranus
341 1456 399 1511 Sed
411 1465 578 1511 contemtus
590 1456 700 1524 gloriae
710 1492 725 1533 ,Ι
735 1454 759 1507 si
773 1453 801 1507 in
814 1453 907 1508 verbo
919 1454 973 1522 sit,
990 1455 1060 1510 nihil
1073 1465 1133 1511 est:
1150 1454 1244 1517 multo

192 1543 290 1606 minus
314 1543 339 1598 si
362 1544 391 1598 in
416 1543 591 1610 cogitatione
608 1554 721 1598 tuntum
742 1543 843 1599 fuerit:
869 1544 921 1596 sed
946 1543 981 1596 in
997 1543 1113 1597 uirtute
1130 1550 1177 1597 est
1192 1561 1246 1597 re=

183 1642 291 1708 '‘qrtum
307 1633 385 1703 Dei,
403 1633 440 1688 uit
455 1633 576 1689 Punlns.
612 1634 687 1688 Hinc
698 1650 753 1700 ego
766 1631 863 1686 adhuc
874 1633 910 1687 de
925 1632 1002 1686 nulla
1018 1649 1051 1687 tn
1069 1648 1158 1687 ausus
1175 1649 1245 1688 sum

192 1741 249 1780 neo
267 1741 390 1795 possum
400 1725 540 1792 gloriati,
562 1724 616 1778 uisi
634 1724 670 1777 de
687 1723 780 1777 verbo
797 1723 941 1790 veritatis,
966 1725 1046 1794 quod
1069 1723 1150 1779 dedit
1165 1723 1245 1779 'mihi

192 1815 353 1873 Dorninns.

177 1942 180 1960 .
258 1904 351 1973 igitur
365 1903 484 1960 illorum
502 1902 626 1973 scripta,
643 1904 709 1972 qtria
727 1902 870 1957 abstinent
888 1902 924 1958 ub
941 1902 1139 1973 increpando,
1162 1919 1244 1959 mot.

191 1995 305 2061 dendo,
320 1994 522 2058 offendendo,
540 1991 626 2045 simul
643 1991 714 2046 nihil
733 2005 917 2062 promovent.
948 1991 1078 2047 Civiliter
1095 1993 1175 2047 enirn
1191 1994 1243 2046 ad.

190 2083 294 2139 moniti
312 2081 470 2139 Pontifices
487 2081 542 2136 sibi
562 2081 721 2136 blanditum
745 2092 861 2149 putant,
887 2089 919 2134 et
938 2080 1022 2135 velut
1039 2082 1091 2150 jus
1113 2081 1244 2136 habeant

189 2170 462 2240 incorrigibilitatis,
479 2179 685 2240 perseverunt,
703 2169 852 2228 contenti,
868 2168 948 2240 quod
965 2169 1109 2237 tremendi
1121 2169 1197 2236 sint,
1212 2180 1244 2225 et

189 2274 280 2318 nemo
298 2276 351 2316 eos
370 2259 588 2330 reprehendere
604 2259 717 2312 audent.
754 2259 815 2312 iios
827 2269 897 2312 tuus
913 2257 1088 2313 Plutarchus
1101 2258 1130 2313 in
1142 2258 1243 2313 libello

190 2351 226 2404 de
250 2350 417 2403 adulatione
441 2351 562 2402 tornrat:
587 2333 639 2399 sed
665 2345 782 2414 gravius
808 2358 836 2399 et
859 2345 1032 2401 horribilius
1059 2345 1242 2404 Hieremias:

190 2438 400 2503 Maledictus,
423 2424 574 2510 qui'sacit
589 2451 670 2505 optes
685 2434 821 2489 Domini
832 2433 1085 2505 fraudulenter:
1111 2435 1242 2508 loquitur

189 2527 267 2581 enim
285 2527 321 2579 de
339 2542 429 2596 opere
452 2524 536 2592 glndii
561 2523 588 2577 in
610 2523 714 2577 hostes
740 2516 810 2577 Ilei.
845 2522 885 2578 Et
907 2540 963 2592 ego
983 2519 1077 2578 'timeo
1103 2525 1188 2578 vaide
1213 2537 1243 2581 et

188 2632 287 2670 vexor
303 2613 499 2681 couscientia,
514 2612 594 2685 quod
612 2624 663 2666 tuo
676 2624 705 2666 et
717 2614 878 2667 amicornm
892 2614 1014 2669 consilio
1027 2614 1138 2669 cedens
1150 2614 1242 2669 Wor.

187 2708 291 2760 mariae
310 2704 408 2759 remisi
425 2703 561 2774 spiritum
579 2719 697 2769 nteunt,
723 2713 752 2757 et
778 2703 860 2758 idolis
886 2703 941 2757 illis
967 2722 1026 2758 non
1053 2703 1242 2758 exhibuerim

187 2795 282 2849 Elium
307 2793 465 2865 quendum,
498 2776 563 2844 ntia
585 2792 737 2859 audirent,
764 2791 788 2845 si
802 2791 903 2845 denuo
920 2793 1045 2847 sisteret
1060 2811 1163 2847 cotutn
1181 2794 1239 2849 eis:

188 2885 225 2938 de
242 2881 397 2937 bocsutis.

253 2973 329 3026 Dux
348 2968 498 3047 lohannes
515 2969 615 3023 senior
632 2967 748 3023 tandem
770 2969 871 3035 novit,
896 2967 946 3024 ttlri
971 2986 1070 3039 agntn,
1094 2969 1241 3026 hactenus

187 3065 325 3131 ignarus:
347 3049 466 3129 hospes
476 3074 560 3111 tuens
577 3058 653 3110 tium
670 3058 695 3111 ei
713 3059 843 3128 aperuit,
862 3060 913 3111 sed
933 3058 1007 3113 bene
1026 3059 1143 3115 tacebit.
1175 3060 1241 3127 Ego

187 3153 238 3206 hic
263 3152 338 3204 bene
360 3149 476 3214 habeo,
502 3149 554 3202 sed
580 3163 725 3214 segnesso
745 3162 777 3201 et
798 3149 975 3216 languesco,
999 3162 1085 3220 utque
1101 3150 1177 3204 adeo
1193 3150 1243 3203 tii.

188 3258 278 3309 gesen
294 3239 399 3310 spiritu
418 3238 515 3290 miser.
551 3236 646 3290 lindie
664 3246 752 3290 sexto
770 3236 815 3287 die
832 3238 952 3290 excrevi
969 3249 1047 3291 tanta
1064 3239 1187 3304 duritia,
1209 3249 1243 3293 ut

188 3348 280 3401 patene
297 3329 422 3382 unitnnnt
445 3326 570 3379 efflarim.
606 3325 697 3381 Nunc
716 3326 812 3379 sedeo
836 3326 954 3393 dolens,
981 3328 1055 3381 sicut
1080 3345 1241 3398 puerpera,

187 3421 269 3474 lacer
291 3435 320 3473 et
342 3433 460 3471 seuerus
478 3428 507 3469 et
531 3423 689 3481 cruentus,
714 3413 770 3469 buc
794 3431 880 3470 nocte
907 3433 967 3471 non
991 3415 1166 3485 habiturus,
1193 3420 1244 3473 uu't

187 3509 336 3564 modicum
353 3507 490 3577 quietem.
1228 3562 1234 3589 Ι

252 3597 371 3672 Grotius
396 3594 535 3661 Christo,
563 3593 612 3663 qui
636 3593 765 3647 mesine
785 3593 912 3664 reliqniis
930 3605 1048 3649 sanctae
1067 3596 1164 3649 crucis
1181 3598 1255 3657 non'

188 3685 373 3755 derelinquit.
403 3686 496 3737 Sanus
513 3699 611 3736 essent
630 3681 666 3734 ab
683 3681 764 3735 ontni
777 3683 952 3751 strucedine,
969 3683 994 3737 si
1007 3693 1111 3738 venter
1122 3685 1241 3739 solutus

171 3786 277 3853 esset.
312 3773 405 3846 Quod
422 3773 500 3825 enirn
523 3773 551 3825 in
570 3782 698 3842 quatuor
723 3771 826 3825 diebus
843 3773 887 3838 ¹),
912 3771 941 3826 in
965 3775 1113 3841 egereudo
1141 3775 1240 3828 denuo

536 3864 700 3878 *Q*-

237 3914 257 3962 tt
279 3909 360 3957 torto
379 3905 495 3963 dirrirst:
514 3909 575 3961 ,nnn
589 3906 639 3956 tuti
653 3905 679 3952 in
692 3904 742 3954 titt
755 3907 833 3960 tuum
847 3906 893 3959 neit
906 3906 1006 3957 ttottnt.
1026 3930 1053 3945 ι·
1072 3909 1110 3964 nt
1128 3907 1241 3961 rttttrtttt

187 3976 260 4025 emat
273 3972 474 4029 tmtnntiultmt
736 4014 739 4020 .

400 4107 418 4131 ,.
