2574 4724
545 300 635 372 1523.
1017 330 1021 336 ·
1054 301 1115 371 289
1156 312 1159 317 ’

63 454 193 532 compro
207 454 340 525 ἤπια.
375 455 452 534 Quis
470 467 515 514 est
531 476 601 530 ergo
619 460 718 528 furor,
746 474 779 514 ea
796 474 872 530 quae
889 463 958 514 sunt
975 456 1114 514 omnibus

65 550 240 605 Christianis
255 549 457 606 communiter
474 549 569 616 dicta,
593 549 644 604 uni
668 549 807 618 singulari
832 558 930 603 sectae
947 547 1116 618 aptarem)

65 638 149 713 Quid
166 639 245 694 enim
257 639 345 692 etiam
361 637 465 692 Morio
480 638 585 709 aliquis
603 638 639 692 ed
655 639 827 693 universum
837 639 918 693 illum
930 637 1116 708 magnificum

64 728 174 782 librum
191 727 505 797 indagatorisiuleret,
530 727 588 781 nisi
604 727 666 781 hoc
683 727 893 782 corollarium?
922 726 1117 801 Quandoqui-

63 815 135 872 rlem
151 828 183 871 tu
194 816 404 871 communibus
417 817 575 887 Scripturis
588 817 766 886 singularem
777 828 857 870 tuam
870 816 1116 881 sectamsstruis.

64 905 114 961 flet
138 907 294 979 proiecto,
317 916 351 960 ut
374 915 423 960 aut
447 921 551 960 omnes
573 905 731 960 Christiani
748 906 805 960 sint
822 906 1002 974 Minoritae,
1027 905 1116 960 aursi

63 1009 127 1052 nou
151 997 223 1065 sint,
249 1008 311 1051 nou
337 995 394 1050 sint
418 1011 538 1066 quoque
552 994 737 1064 Christiani,
766 995 802 1049 ad
827 1011 904 1066 quos
928 995 1012 1050 solos
1036 995 1117 1051 dicta

64 1097 150 1155 sunt,
173 1103 249 1158 quae
267 1095 299 1139 tu
316 1101 371 1157 pro
389 1085 540 1139 Minoritis
558 1085 689 1140 adducis.
723 1084 806 1159 Quid
822 1085 873 1140 hic
891 1083 1117 1141 Thesaurivora

63 1176 112 1231 ille
127 1175 233 1230 laciet?
252 1170 373 1230 'Nonne
388 1173 413 1229 si
431 1174 478 1229 vel
496 1174 583 1227 uncia
599 1174 722 1244 pudoris
739 1175 768 1228 in
785 1175 851 1247 ipso
869 1173 1115 1245 fuerit1,·pudebit

65 1282 136 1322 sese
159 1259 288 1336 unquam
313 1264 467 1319 mutitisse
494 1280 595 1320 coram
623 1264 810 1332 hominibus,
836 1275 866 1320 ut
888 1262 939 1337 q'ui
958 1274 996 1342 ιἰε-1
1023 1264 1116 1321 sacris

64 1354 224 1426 scripturis
245 1363 274 1407 et
291 1353 466 1409 Christianis
483 1350 509 1420 3)
533 1353 639 1424 impius
664 1364 694 1409 et
716 1352 908 1426 blasphemus
922 1349 1037 1409 ‘lautam
1053 1354 1117 1409 vim
1183 1387 1188 1398 ·
1241 1405 1248 1416 ,

62 1453 96 1500 et
106 1444 240 1514 injuriam
252 1444 345 1498 intulit
353 1447 372 1500 ?-
383 1454 416 1498 ut
426 1436 453 1510 ⁴)
470 1443 495 1498 si
512 1459 564 1498 sua
582 1444 640 1498 sint
652 1460 740 1510 vera,
755 1459 881 1500 necesse
891 1444 950 1514 sit,
967 1454 1016 1499 aut
1029 1442 1116 1500 chri.

64 1536 179 1592 silanos
202 1550 263 1589 non
286 1548 355 1588 esse
373 1533 587 1598 Christianos,¹
598 1544 648 1587 aut
665 1533 832 1605 Scripturas
850 1551 910 1588 non
928 1549 997 1590 esse
1014 1533 1115 1606 Scripe

58 1634 156 1683 tures.
186 1624 234 1679 En
246 1623 299 1679 tibi
311 1623 480 1678 mercedem
493 1624 621 1691 erroris,
639 1638 727 1697 quam
740 1625 872 1696 oportuit
883 1625 1021 1696 accipens
1033 1625 1112 1695 illos,

61 1715 112 1792 qui
128 1724 234 1771 contra
252 1714 377 1784 agnitam
393 1714 549 1767 veritatem
566 1723 705 1783 pugnant.

65 1804 76 1846 ‚¹
124 1821 174 1878 Ne
191 1830 291 1875 autem
307 1817 413 1895 garriat
428 1817 491 1873 hoc
509 1817 607 1873 solum
625 1834 640 1873 a
657 1832 705 1873 me
724 1817 798 1888 dici,
828 1826 857 1873 et
871 1819 953 1873 nullo
973 1815 1114 1892 exemplo
1132 1860 1137 1871 .

59 1911 200 1986 probari,
226 1925 394 1983 quanquam
412 1918 514 1964 extent
531 1909 641 1976 libelli,
665 1919 695 1964 et
712 1926 773 1964 non
791 1911 888 1981 possit
903 1911 1112 1981 tergiversari,

60 2013 160 2059 tamen
183 2001 231 2057 vel
256 1995 345 2069 illud,
371 2001 453 2073 quod
470 2010 502 2054 tu
518 2016 639 2071 quoque
657 1998 685 2053 in
702 1999 884 2072 praefatione
902 2000 980 2054 illius
999 1990 1116 2070 sentis,

59 2102 162 2150 tecum
179 2081 209 2159 ⁵)
226 2092 352 2146 adduco.
385 2089 479 2145 Estne
492 2089 580 2160 igitur
589 2088 668 2143 belle
680 2099 710 2144 et
720 2089 805 2163 plane
819 2090 988 2145 minoritice
997 2082 1114 2146 tsserta

59 2182 226 2239 monastice
250 2197 304 2253 per
325 2180 396 2236 illud
407 2179 533 2248 Lucae,
558 2172 619 2251 quo
642 2177 793 2234 Dominus
817 2180 943 2235 intrasse
969 2179 1113 2237 scribitur

59 2274 185 2328 domum
201 2271 341 2327 Marthae
359 2280 389 2325 et
405 2269 542 2325 Mariae?
575 2268 642 2324 Hoc
659 2279 721 2335 est,
738 2279 771 2324 ut
782 2269 963 2342 Schatzgeyr
976 2266 1029 2341 sit,
1046 2267 1113 2327 r'no.

59 2363 204 2432 numeria,
230 2363 259 2418 iu
276 2360 384 2432 quibus
401 2359 480 2429 viget
494 2352 520 2428 6)
532 2359 596 2414 rvita
614 2358 706 2413 activa
725 2369 754 2413 et
776 2359 1025 2431 contemplativa?
1040 2371 1111 2417 'etc.

60 2450 118 2510 Sed
135 2445 212 2518 ut·⁷)
229 2447 304 2506 istas'
319 2451 460 2505 ruditates
484 2447 701 2504 monachorum
723 2443 922 2520 praeteream,
949 2467 1025 2523 quas
1048 2451 1111 2506 t'ere
1168 2491 1170 2494 ψ

58 2544 160 2598 nullus
178 2537 450 2612 iutelligit⁵(rleinde
468 2539 552 2611 pauci
571 2539 657 2594 etiam
674 2539 749 2592 haec
764 2540 906 2593 vocabula
924 2541 1043 2595 audiunt
1061 2559 1111 2597 ac.

59 2635 138 2689 tivae
156 2642 185 2686 et
203 2630 447 2702 contemplativae
458 2631 557 2698 vitae,
574 2623 600 2694 ε5)
618 2639 730 2683 tantum
749 2628 848 2696 abest,
867 2638 898 2684 ut
915 2630 981 2685 talis
1000 2631 1109 2688 domus

60 2724 118 2776 ulla
132 2722 206 2793 apud
219 2736 270 2775 eos
281 2721 354 2788 sit):
372 2736 470 2772 nonne
484 2729 599 2772 certum
611 2727 674 2786 est,
690 2717 828 2772 omnibus
843 2717 1017 2774 Christianis
1030 2721 1110 2776 hanc

59 2811 225 2866 doctrinam
243 2819 383 2882 oportere
396 2796 463 2861 esse
478 2823 685 2873 communem,
703 2823 899 2878 quaecunque
911 2809 1028 2863 tandem
1047 2821 1110 2878 est,

58 2919 147 2975 qnam
163 2901 315 2957 Dominus
340 2897 442 2952 docuit
465 2897 598 2950 intrando
624 2896 745 2949 domum
767 2895 928 2954 Marthae?
952 2886 1010 2952 nisi
1030 2900 1108 2954 forte

56 3009 118 3049 non
140 2992 177 3047 sit
200 2992 256 3045 iste
280 2989 417 3043 introitus
442 3002 508 3058 pars
525 2982 697 3054 Evangelii,
721 2997 770 3040 aut
787 2985 971 3057 Evangelion
992 2991 1110 3045 nonsit

57 3081 199 3140 omnibus
216 3078 390 3135 Christianis
409 3093 578 3132 commuue.

123 3186 290 3252 Obsecro„
305 3184 360 3238 iste
377 3183 558 3253 Sclratageyr
575 3181 750 3238 miserabilis
767 3184 837 3237 dum
855 3183 1020 3255 Scripturas
1039 3184 1108 3240 alle.

56 3290 103 3349 gat
121 3296 175 3351 pro
193 3277 375 3343 monastice,
402 3275 472 3346 quid
490 3274 565 3328 aliud
583 3275 668 3341 iacit,
686 3265 713 3341 9)
737 3292 825 3345 quam
843 3277 922 3346 quod
941 3274 1007 3346 ipso
1026 3277 1107 3333 iacto

56 3370 142 3424 dicit:
161 3368 310 3434 obsecro,
327 3363 364 3433 ¹⁰)
382 3365 490 3429 ridete,
508 3363 544 3422 ¹¹)
562 3361 694 3430 sibilare,
713 3365 847 3418 insultate
864 3363 937 3420 milti
957 3367 1058 3437 inepto
1077 3374 1109 3421 et

53 3455 188 3526 insulso,
213 3458 262 3529 qui
286 3456 363 3511 dicta
388 3452 563 3509 Christianis
588 3452 728 3508 omnibus
755 3454 922 3509 communia
947 3455 982 3508 ad
1006 3472 1108 3512 meum

104 3679 125 3726 1)
140 3676 198 3720 vit.
217 3673 372 3731 praescripta.
422 3675 444 3726 2)
462 3673 520 3717 Vll.
539 3671 669 3729 applicare.
719 3672 741 3722 3)
762 3670 820 3718 Vit.
841 3672 865 3717 iu
878 3684 959 3719 sacras
973 3672 1107 3730 Scripturas

53 3751 82 3797 et
98 3747 258 3794 christianos.
307 3750 329 3800 l)
349 3751 373 3791 ut
392 3745 618 3797 scriturarum.
668 3747 689 3795 5)
708 3745 767 3789 vit.
787 3747 892 3802 -quod
912 3781 999 3792 .....
1019 3751 1105 3793 tecum.

52 3827 77 3874 6)
90 3822 186 3868 Arrii.
201 3824 306 3877 urgetur.
344 3821 366 3872 7)
380 3819 438 3864 Vit.
453 3822 478 3862 ut
493 3819 563 3863 enim.
601 3822 624 3869 8)
639 3818 697 3863 Vlt.
712 3818 791 3864 activa
805 3823 830 3864 et
843 3820 1034 3877 contemplativa
1047 3821 1105 3867 vita·

51 3900 77 3945 9)
90 3896 148 3941 Vll.
169 3893 277 3940 Obsecro
290 3894 345 3950 qnid
359 3892 422 3938 aliud
436 3891 495 3937 iacit
508 3891 553 3937 iste
567 3890 618 3936 Seli.
634 3891 677 3935 mis
681 3925 790 3936 ......
804 3893 944 3939 monastice.
996 3897 1029 3947 1ο)
1047 3896 1105 3942 vit.

51 3971 122 4020 heus.
173 3971 206 4021 11)
219 3968 312 4014 Auris.
327 3964 508 4022 matrimonii&
521 3964 588 4018 turm
600 3962 748 4018 vrudfrolrr
760 3965 852 4012 videte.

135 4049 204 4129 llil
227 4044 273 4114 ll.
884 4050 922 4115 19
