2574 4724
172 286 256 387 “stt
666 304 757 390 1'522.

194 487 249 532 est.
283 474 362 532 Petit
383 473 530 545 Magister
553 476 764 548 Stegmannus,
789 487 823 533 ut
845 464 874 533 in
897 478 1000 535 locum
1022 478 1086 550 ejus
1112 479 1158 546 (si
1176 480 1239 535 fieri

192 560 315 638 potest)
339 558 486 619 succedat.
521 565 587 635 Ego
612 583 682 622 sane
699 565 852 622 hominem
869 578 899 622 et
915 570 985 624 satis
1003 568 1122 639 dignum
1138 578 1171 625 ‚et
1187 570 1240 625 do.

195 666 277 711 ctum
293 655 490 726 idoneumque
504 655 627 725 judico,
652 657 699 711 cui
717 673 752 711 ea
772 658 903 725 conditio
922 658 1016 713 cedat.
1049 656 1179 723 Broinde
1197 662 1239 715 fe.

192 743 274 797 'ceris
301 760 355 814 pro
380 759 412 796 rs
437 744 607 812 communi,
634 760 702 798 eum
719 745 827 818 alioqui
849 746 889 801 sit
905 756 934 801 et
950 747 1048 802 bonus
1066 747 1113 802 vir
1130 758 1160 802 et
1175 765 1240 803 mo.

186 833 314 900 demus,
339 832 364 886 si
388 833 414 887 ei
437 833 634 903 patrocinatus
655 833 755 890 fueris.
788 834 859 891 Vale
883 835 913 891 in
936 835 1081 891 Domino.
1117 835 1239 910 Vesperi

192 923 358 980 Muxxn.
376 922 545 978 Dominica.

872 991 1023 1078 Martinus·
1042 1008 1208 1080 Luthenrs.

193 1385 197 1391 -
224 1347 322 1420 ohne
339 1347 482 1414 vitun.
500 1349 531 1417 ⁰)
957 1353 1009 1409 N0.
1027 1287 1209 1413 ccccus'.

461 1501 510 1570 tto
531 1454 733 1581 stetisti
755 1499 960 1582 stitione.

197 1698 201 1709 .
241 1657 265 1706 t.
278 1659 355 1704 noent
367 1655 413 1716 pn
431 1657 469 1704 ser
482 1657 597 1710 sertitem
610 1659 697 1712 gentse
710 1659 802 1713 sennen
813 1659 931 1713 soroettot
947 1658 1024 1710 totto
1041 1663 1085 1705 sss
1102 1657 1241 1712 metrico

190 1721 353 1785 methonem,
366 1731 411 1778 tote
424 1729 452 1782 sie
464 1737 510 1777 son
523 1732 564 1777 sen
574 1730 703 1785 antonum
712 1731 878 1782 &uniemur
892 1732 973 1786 ostent
987 1730 1095 1783 tristem
1109 1732 1156 1780 nus
1171 1735 1241 1780 senec

192 1803 305 1858 caritot
319 1804 379 1854 niort
392 1811 466 1857 oenus
479 1803 613 1856 tributore.

191 2009 194 2014 ·
282 2002 609 2089 sepnurtraserneos
633 1994 962 2061 seutto'usnsatsxv.
989 2005 1148 2061 sntcmv.

193 2142 306 2241 Gratia
323 2196 352 2241 et
368 2201 428 2257 pax
444 2185 507 2241 tui.
539 2185 590 2242 Ex
607 2187 662 2254 iis,
680 2186 731 2258 qui
749 2184 798 2239 tibi
815 2185 893 2240 bene
910 2186 1029 2255 volunt,
1051 2185 1153 2241 amicis
1162 2224 1173 2252 ,
1190 2203 1243 2258 op.

189 2266 262 2330 time
281 2275 516 2346 christophore,
538 2275 668 2330 intellexi
694 2275 881 2345 quaestiones
906 2285 988 2342 toas,
1012 2292 1086 2347 quas
1108 2274 1242 2331 Ductori

192 2366 329 2420 Andreae
349 2347 512 2419 Carlstadio
535 2364 714 2436 proposuisti
740 2363 776 2417 de
802 2364 924 2418 scientia
950 2364 1241 2435 praedestinationis,

194 2456 229 2508 de
255 2457 339 2525 lapsu
357 2465 386 2508 et
403 2454 619 2507 resurrectione
641 2453 729 2522 justi,
755 2452 791 2506 de
818 2452 873 2506 tide
898 2454 1005 2521 aliena,
1031 2454 1067 2508 de
1091 2454 1242 2526 baptismo

193 2544 400 2614 porvulorum,
426 2542 461 2595 de
487 2541 701 2612 perseverantia
717 2541 836 2612 spiritus
855 2539 884 2597 in
901 2544 1011 2597 sanctis
1029 2554 1086 2597 etc.
1122 2543 1244 2615 Exege.

193 2643 261 2687 runt
278 2648 413 2703 quoque,
431 2641 464 2685 ut
480 2631 532 2685 tibi
550 2647 609 2685 uno
621 2630 715 2684 verbo
731 2647 828 2684 meam
841 2632 1016 2686 sententiam
1027 2632 1241 2702 significarem,

194 2737 362 2795 quanquam
387 2721 504 2790 ignotus
529 2720 644 2788 ignoto,
669 2721 776 2790 quibus
802 2719 873 2775 nihii
898 2738 1004 2792 negare
1034 2715 1243 2793 possum-nee

194 2797 301 2867 debeo.
336 2810 437 2886 Quare
454 2820 482 2864 et
497 2820 529 2864 tu
546 2826 643 2864 meam
654 2826 776 2880 operam
787 2810 858 2864 boni
869 2813 1007 2866 consulas
1021 2828 1093 2879 oro,
1113 2812 1243 2868 obsecro

195 2912 293 2958 autem
310 2911 340 2954 te
359 2916 411 2970 per
428 2898 596 2967 Christum,
620 2909 653 2954 ut
674 2899 710 2952 ab
728 2899 791 2954 istis
808 2900 894 2959 novis
912 2901 1095 2970 dogmatibus
1119 2901 1173 2956 tibi
1196 2921 1242 2957 ca.

195 3009 283 3048 veas:
310 2999 378 3044 sunt
395 2989 471 3043 enim
496 2987 726 3059 prophetarum,
752 2988 801 3058 qui
819 2990 893 3059 apud
911 3007 966 3044 nos
985 3008 1000 3042 e
1019 2991 1136 3061 Cygnea
1152 2992 1242 3047 auditi

193 3093 264 3138 sunt
289 3097 337 3134 me
362 3086 532 3150 praesente,
556 3075 611 3130 sibi
636 3077 706 3147 ipsis
727 3076 801 3130 nihil
826 3087 993 3133 constantes
1020 3088 1049 3132 et
1075 3079 1161 3150 plane
1180 3083 1241 3137 sine

195 3170 367 3242 scripturis,
385 3167 451 3221 solo
467 3182 522 3220 suo
539 3165 641 3236 spiritu
657 3166 833 3236 loquentes,
851 3182 927 3237 quos
943 3168 999 3222 nisi
1012 3167 1075 3237 ipse
1087 3170 1240 3239 vidissem,

195 3263 317 3316 aliorum
335 3255 495 3326 magnificis
511 3254 598 3309 bullis
614 3264 730 3320 motus,
757 3270 825 3309 esse
849 3271 902 3310 eos
926 3257 1033 3327 aliquid
1057 3265 1085 3311 et
1109 3274 1165 3329 ego
1192 3278 1241 3332 pu.

194 3348 314 3406 tassem.
349 3345 466 3422 Quibus
485 3354 514 3397 et
530 3343 680 3398 Dominus
697 3343 874 3397 Caristadius
892 3343 953 3397 sive
970 3361 1025 3415 pro
1041 3360 1096 3399 suo
1112 3349 1240 3403 candore

195 3441 258 3497 sive
275 3440 356 3493 bono
373 3436 470 3489 animo
489 3435 620 3487 nondum
644 3431 759 3486 sortiter
782 3432 897 3486 resistit.
930 3432 1002 3488 Mea
1027 3437 1171 3493 sententia
1198 3450 1240 3493 est

195 3531 288 3597 haec,
315 3543 371 3582 nos
389 3525 496 3579 debere
514 3522 604 3577 fidere
620 3521 728 3592 gratiae
744 3521 824 3588 Dei,
851 3523 902 3576 sed
919 3538 1038 3578 manere
1056 3523 1190 3582 incertos
1208 3530 1239 3584 de

245 3760 268 3811 *t
282 3757 331 3806 mer
345 3754 415 3807 sciet
425 3754 484 3801 ntro
497 3761 543 3799 son
556 3753 632 3798 nunt,
647 3757 716 3800 uhter
728 3754 768 3800 sos
782 3753 808 3806 3.
823 3754 880 3800 1525.
893 3754 990 3807 nesciit,
1009 3755 1060 3802 toas
1073 3756 1128 3802 oter
1140 3758 1240 3811 offensae

189 3833 263 3886 'ictio
272 3831 312 3882 tite
325 3829 353 3874 to
365 3827 478 3880 saisost
491 3827 516 3873 tn
529 3826 701 3879 sistentium
714 3825 768 3875 nod
781 3827 824 3878 cut
833 3827 883 3872 rtur
896 3827 1032 3878 statuum
1045 3827 1122 3880 write
1135 3832 1241 3885 nosset

195 3907 268 3955 ntes,
282 3904 328 3949 unt
337 3902 389 3950 nso
399 3900 424 3946 tn
434 3899 580 3953 mittentem
591 3909 616 3952 tu
625 3901 677 3954 stru
690 3899 778 3952 tortus.
803 3899 864 3951 stud
874 3900 908 3947 tn
917 3901 1055 3957 strutheum
1064 3902 1102 3951 stt
1111 3904 1240 3960 suidones

195 3979 326 4035 propheten
340 3973 403 4030 niort
416 3972 456 4021 ins
469 3973 496 4028 s.
511 3974 567 4022 1523.
