2574 4724
466 430 470 436 ,
547 343 637 416 int.
1053 339 1115 415 ese

46 547 49 554 -
66 511 204 586 spiritus,
229 520 259 569 et
280 510 394 586 reliqua
410 510 488 567 dona
503 519 534 567 et
548 508 628 568 bone
644 507 809 566 Ecclesiae.
843 505 1005 564 Donentur
1020 511 1118 561 nutem
1180 557 1182 561 ,

65 603 155 658 nobis
181 619 235 676 per
259 602 384 659 verbum
408 600 562 672 Evangelii
588 599 660 655 ioris
684 599 904 672 praedicatum,
929 595 1119 669 praedicante
1218 621 1221 628 ·

67 692 146 746 enim
164 692 240 747 foris
258 691 395 764 apostolo
412 691 462 745 vel
475 688 620 761 episcopo
630 687 835 758 Evangelion,
851 702 906 742 seu
922 686 959 740 de
976 684 1038 741 istis
1055 698 1121 755 my.

68 781 168 836 sterile
193 781 280 851 fidei,
306 782 388 836 adest
411 780 500 835 simul
516 779 603 836 Deos
620 777 777 847 Christus,
803 787 834 832 et
855 775 998 848 mysteria
1016 774 1120 830 sedem

68 871 98 926 in
114 870 206 926 corde
223 869 388 939 distribuit,
413 869 449 924 ad
465 868 591 925 verbum
609 868 683 924 foris
699 867 856 939 prolatum.
890 865 971 921 Sicut
995 864 1119 935 legimus

67 964 138 1017 Act.
155 958 194 1017 X.
202 1001 212 1031 ,
230 960 402 1016 adverbum
413 943 495 1016 Petri
509 959 661 1034 purilicata
677 971 744 1014 esse
761 958 855 1013 corda
870 957 1002 1028 gentium
1017 956 1047 1012 iu
1063 953 1121 1012 fide

68 1068 123 1125 per
140 1049 304 1107 Christum.
971 1108 978 1125 ,

133 1139 185 1196 Ex
202 1139 312 1212 quilius
330 1152 409 1194 nunc
426 1132 497 1194 illud
511 1145 593 1194 certo
607 1146 637 1194 et
648 1136 838 1195 infallsssiliter
848 1135 1000 1208 sequitur,
1013 1132 1122 1191 Eccle-

65 1230 143 1286 siam
159 1229 272 1286 Christi
290 1246 351 1285 non
367 1245 460 1304 posse
478 1245 534 1284 nec
552 1229 661 1284 debere
683 1228 800 1295 audire,
824 1227 952 1295 docere,
976 1239 1067 1282 nosse
1092 1233 1124 1283 et

68 1330 224 1393 acceptare
242 1321 331 1374 ullam
348 1318 433 1374 aliem
449 1317 629 1387 doctrinam,
647 1334 828 1391 quamtum,
846 1332 906 1389 qua
916 1316 1124 1389 dispensanter

69 1411 126 1466 ista
143 1409 282 1483 mysteria
301 1408 374 1465 Dei.
405 1408 447 1465 Et
473 1408 498 1464 si
522 1407 573 1481 qui
595 1417 681 1488 suut,
705 1405 756 1480 qui
779 1405 857 1462 eliud
879 1406 1051 1480 dispensant
1073 1412 1125 1462 eut

69 1501 195 1569 docent,
222 1515 311 1573 quem
334 1499 389 1555 ista
410 1498 550 1570 mysteria
573 1497 653 1567 Dei,
677 1497 753 1554 tales
770 1491 848 1553 ‘sunt
870 1513 970 1569 neque
993 1495 1124 1570 apostoli

67 1608 165 1664 neque
183 1590 336 1663 episcopi,
355 1588 408 1647 sed
425 1589 555 1644 latrones
571 1596 603 1645 et
620 1590 721 1656 fures,
737 1587 787 1660 qui
804 1589 930 1661 perdunt
946 1603 1038 1643 ovest
1058 1583 1126 1658 qui.

70 1680 129 1737 bus
146 1680 257 1737 Paulus
275 1678 343 1737 (iel.
364 1679 387 1734 1.
406 1679 451 1734 sic
468 1678 632 1735 maledicit:
657 1676 783 1753 Siquis
804 1677 898 1733 aliud
916 1676 1124 1750 praedicare·

68 1770 131 1840 rit,
154 1786 252 1846 quam
267 1785 328 1824 nos
342 1767 586 1840 praedicamus,
609 1767 783 1823 anathem
806 1767 862 1824 sa't.
891 1766 1044 1824 Probatur
1066 1765 1123 1824 sic.

71 1859 151 1934 Quia
167 1857 392 1913 cum'Ecclesia
413 1868 463 1912 aut
484 1857 543 1912 ulla
567 1871 617 1913 res
641 1856 799 1928 spiritualis
821 1873 883 1912 non
907 1856 1003 1926 possit
1025 1856 1124 1923 nesci,

69 1949 124 2016 ali,
147 1948 270 2014 vivere,
292 1963 396 2017 agere,
422 1948 562 2014 virscere,
586 1961 722 2017 manere,
746 1955 777 2002 et
793 1945 892 2002 omnis
908 1947 1024 2016 fecere,
1047 1960 1125 2017 quas

69 2035 242 2094 Ecclesiam
258 2037 380 2106 decent,
397 2035 454 2092 nisi
472 2036 611 2092 fundetur
627 2037 657 2093 in
673 2036 956 2102 sustentamento,
980 2033 1042 2091 hoo
1058 2042 1124 2105 est,

69 2126 126 2182 nisi
144 2125 298 2180 Christum
316 2125 448 2197 acquirat
465 2135 617 2194 regentem
633 2125 663 2182 in
679 2142 714 2180 ce
730 2143 785 2200 per
801 2123 906 2196 fidem,
923 2125 1075 2198 spiritum,
1092 2130 1126 2182 ct

69 2216 125 2271 aliu
143 2216 219 2271 dona
236 2215 358 2288 spiritus
376 2215 440 2272 sui:
464 2231 588 2271 necesse
610 2226 675 2286 est,
699 2225 733 2272 ut
755 2217 822 2273 telis
841 2215 1022 2290 praedicatio
1035 2214 1077 2271 sit
1092 2213 1124 2273 iu

70 2306 228 2374 Ecclesia,
244 2322 307 2383 quo
324 2306 390 2361 solo
408 2317 439 2362 et
452 2306 534 2363 nullo
546 2305 603 2361 alio
613 2304 758 2362 subsistit.
792 2304 874 2376 Ergo
886 2307 973 2364 solus
983 2304 1123 2363 Christus

70 2397 160 2453 debet
175 2396 360 2470 praedicari,
382 2391 411 2451 et
433 2412 525 2469 super
547 2397 771 2456 tundamentum
796 2395 867 2455 illud
884 2396 977 2469 poni,
997 2405 1026 2454 et
1051 2394 1124 2452 fides

72 2486 191 2554 doceri,
217 2494 246 2542 et
263 2501 297 2542 ea
314 2502 388 2556 quae
406 2475 476 2541 sunt
492 2485 578 2552 lidei,
592 2486 679 2561 ¹sicut
694 2501 781 2557 supra
798 2485 875 2542 dixit
891 2485 1016 2546 Paulus:
1044 2485 1124 2542 Non

72 2577 155 2630 enim
171 2592 231 2632 nos
250 2576 338 2646 ipsos
352 2576 597 2649 praedicamus,
620 2576 678 2634 sed
693 2575 855 2636 Christum
871 2575 1047 2634 Dominum
1063 2593 1139 2635 nor

71 2672 186 2720 strum.
995 2669 1008 2684 ¹

138 2754 219 2830 Quid
236 2772 316 2810 nunc
333 2764 402 2810 sunt
424 2756 503 2825 leges
526 2763 557 2814 et
580 2765 737 2831 praecepta
752 2756 849 2832 Papue
873 2765 903 2813 et
925 2758 1124 2816 conciliorum

72 2844 109 2900 de
122 2844 264 2916 jejuniis,
283 2846 387 2914 festia,
404 2846 556 2917 vestibus,
572 2846 658 2904 horis
677 2857 707 2904 et
722 2848 783 2905 aliis
800 2849 999 2907 illisexteruis
1011 2849 1122 2909 rebus?

137 2933 193 2991 llic
212 2944 256 2990 est
273 2935 361 2991 facile
380 2936 577 3007 responderes
600 2936 715 2993 nullum
732 2938 851 2993 illorum
867 2953 934 2994 esse
952 2938 1123 3006 Christum,

70 3042 128 3079 nec
146 3026 230 3097 ponit
247 3025 487 3099 fundamentum,
503 3043 560 3082 nec
579 3027 627 3082 dat
643 3027 798 3101 spiritum,
816 3031 873 3085 isec
886 3038 931 3084 eet
942 3028 1121 3102 dispensatio

71 3115 283 3187 mysteriorum
298 3116 370 3171 Dei.
405 3115 507 3192 Quare
524 3116 591 3172 eine
603 3116 797 3174 illishabetur
808 3117 967 3187 Christus,
984 3128 1014 3174 ct
1025 3120 1122 3175 omnia

73 3222 149 3275 quae
166 3206 315 3277 pertinent
332 3207 368 3260 ad
383 3205 571 3276 Ecclesiam,
597 3216 627 3262 et
649 3205 713 3262 sine
730 3206 852 3264 Christo
869 3207 915 3262 illa
933 3208 1031 3270 omnia
1046 3208 1121 3267 nihil
1168 3259 1175 3274 ,

74 3303 159 3359 stunt,
176 3294 321 3366 quianon
338 3295 407 3350 dent
425 3294 528 3365 fidem,
549 3296 701 3367 spiritum,
723 3313 780 3354 nec
797 3298 957 3370 quicquam
970 3298 1047 3357 vitae
1064 3299 1124 3372 spi.

73 3381 203 3438 ritualis:
226 3381 302 3445 haec
320 3385 399 3440 enim
416 3387 538 3442 excolo
555 3384 693 3455 Christo,
710 3403 773 3443 non
788 3403 828 3444 ex
846 3397 897 3444 tuo
910 3388 1043 3459 jeJunio,
1060 3404 1122 3446 nou

74 3487 113 3526 ex
131 3479 183 3525 tuo
201 3470 335 3542 cucullo,
361 3491 422 3529 non
446 3490 485 3529 ex
508 3490 558 3531 tuo
581 3476 791 3545 monasterius
807 3486 912 3550 neque
927 3494 965 3532 ex
983 3478 1122 3537 omnibus

73 3578 148 3633 quae
165 3578 294 3632 unquam
310 3563 406 3637 Papa,
432 3564 576 3635 concilia,
600 3567 843 3641 monasteriaque
861 3567 1050 3639 statuerunt,
1069 3587 1122 3626 vc.
1170 3592 1177 3599 ·

74 3653 167 3708 niunt.

139 3740 166 3796 Si
183 3758 260 3797 nunc
276 3741 356 3815 Papa
374 3743 497 3801 doceret
513 3744 569 3801 iste
585 3759 639 3800 sus
659 3757 819 3821 praecepta
840 3762 911 3804 esse
930 3748 1016 3816 talis,
1039 3747 1121 3821 quod

72 3832 235 3900 salvarent,
262 3832 285 3886 si
302 3831 475 3889 obedienter
490 3843 697 3904 servarentur,
722 3846 771 3892 aut
789 3837 979 3909 dumnsreru,
1003 3837 1029 3895 si
1050 3855 1122 3896 cou-

73 3933 293 3990 temnerentur,
314 3931 377 3976 turn
394 3921 457 3996 ipse
475 3934 556 3979 esset
577 3924 732 3982 verissime
749 3925 973 3995 Antichristus,
988 3936 1018 3984 et
1034 3936 1122 3986 enus

74 4011 196 4071 Christo
214 4013 325 4068 faceret
342 4028 376 4067 se
393 4013 490 4086 ipsum
507 4014 731 4073 fundamentum
747 4016 850 4076 salutis
867 4028 1010 4076 aeternae.
