2574 4724
596 331 687 406 t'stl.
1110 332 1171 404 551

117 495 232 595 Gratia
258 547 287 596 et
309 558 377 614 pax.
412 542 511 598 Tarde
535 543 727 616 respondeo,
747 544 789 598 mi
806 537 974 611 Ammoni,
1000 541 1175 600 nuntiorum

115 631 232 700 inopia:
259 631 350 687 dicito
377 633 462 701 igitur
478 632 588 689 doanni
608 633 690 689 Loro
716 642 746 695 et
766 634 872 701 uxori,
895 650 932 688 ne
949 634 1043 689 ullum
1068 649 1107 687 ex
1124 649 1174 686 me

115 721 282 789 periculum
308 722 363 778 sibi
387 733 532 778 metuant.
574 721 661 777 Nihil
684 723 782 778 minus
809 740 881 792 ago,
914 740 1003 795 quam
1029 733 1062 777 ut
1084 724 1174 778 locos

114 807 246 881 Philippi
265 813 459 871 transferam:
485 827 654 883 quanquam
680 820 747 866 ante
773 805 881 864 annu‘m
898 812 927 866 id
948 829 963 865 a
979 829 1028 867 me
1045 813 1174 883 postula.

115 905 199 967 lum,
224 911 253 955 et
278 917 356 955 ame
373 913 530 972 receptum
554 902 665 969 fuerat,
691 911 791 956 tamen
816 900 879 956 aliis
906 900 1030 957 obrutus
1046 903 1176 972 negotiis

114 990 144 1043 in
169 993 323 1062 spongiam
348 992 454 1046 cadere
480 991 554 1060 sivi,
590 990 735 1064 quicquid
765 990 794 1045 id
819 1000 881 1045 erat
903 990 1027 1047 instituti
1053 993 1172 1080 operis,

116 1098 187 1134 cum
211 1083 323 1137 nostris
348 1082 439 1154 prelis
465 1081 638 1154 quotidiano
661 1082 860 1153 etpraesenti
886 1098 979 1154 opere
996 1082 1168 1139 satisfacere

114 1188 272 1244 nequeam.
451 1167 608 1319 sss
960 1166 963 1171 ’

477 1267 479 1272 .
544 1250 549 1285 q
677 1270 679 1274 Α

63 1424 67 1444 ⁸
180 1359 388 1421 Orlamundae
399 1350 617 1433 actri'nequiter
643 1361 731 1418 edidit
748 1361 896 1418 Martinus
913 1363 1102 1419 Reinhardus
1117 1361 1173 1419 Je-

113 1450 217 1526 neusis
234 1450 421 1521 praedicator
445 1451 475 1504 iu
490 1467 589 1505 meam
610 1450 801 1520 ignominiam
818 1461 847 1507 et
865 1453 1018 1509 Carlstadii
1035 1455 1172 1524 gloriam:

114 1536 181 1593 ideo
199 1554 260 1593 non
277 1539 465 1610 respondeo,
489 1556 528 1594 ne
544 1555 612 1593 mea
629 1556 769 1611 quaeram
787 1550 817 1595 et
834 1541 957 1611 gloriam
977 1538 1018 1597 illi
1038 1544 1193 1626 studeam,

113 1629 247 1696 auferre,
273 1645 343 1682 cum
360 1627 433 1683 nihil
452 1628 491 1682 ibi
509 1628 546 1682 de
564 1643 652 1683 causa
669 1641 779 1697 agatur.
797 1629 823 1695 ¹)
857 1631 1034 1706 Caristadius
1055 1633 1174 1688 interim

114 1719 235 1789 scripsit
253 1716 556 1779 Orlamundeosibus,
581 1717 677 1771 addita
691 1717 723 1781 α)“
749 1733 871 1789 quoque
894 1722 1020 1775 seorsim
1041 1722 1175 1777 subscri.

114 1807 177 1877 ptio
196 1816 272 1862 erat:
291 1806 426 1861 Andreas
439 1805 622 1859 Bodenstein
635 1805 781 1865 unlttlvtt
796 1807 850 1863 uni
863 1808 1098 1869 unulrutuuirui
1116 1796 1190 1868 naa

115 1894 217 1951 trieben
235 1893 312 1958 θῆτά)
323 1890 491 1947 Martinum
503 1890 679 1947 Lutherum.
714 1893 824 1961 Vides,
843 1896 923 1965 quod
941 1910 1013 1964 ego,
1033 1899 1176 1968 quimar.
1250 1919 1252 1923 ¹

116 1993 167 2054 tyr
183 1982 271 2036 debui
288 1981 370 2050 lieri,
397 1998 434 2036 eo
451 1981 592 2052 perveni,
616 1990 651 2062 ut
670 1991 815 2053 martyres
840 1982 904 2055 ipse
930 1984 1048 2040 faciam.
1082 1986 1176 2057 Egra.

117 2066 176 2128 irus
193 2071 222 2136 ⁴)
240 2087 362 2143 quoque
380 2071 553 2142 martyrium
566 2071 833 2141 jactat,.scribens
852 2089 885 2127 se
904 2074 1064 2146 expulsum
1080 2086 1174 2132 tama

117 2161 264 2233 Papiriis,
291 2177 379 2232 quem
396 2159 586 2215 Lutheranis.
619 2160 680 2214 Vix
698 2160 822 2226 credas,
848 2151 937 2232 quam
954 2164 1018 2218 late
1029 2166 1175 2236 serpserit

114 2253 178 2322 jam
196 2251 403 2323 etiamfldogma
421 2248 576 2304 Caristedii⁴
590 2249 626 2303 de
643 2249 842 2304 Sacramento.
876 2250 1027 2308 Plebunus
1039 2255 1174 2311 Culensis

115 2340 242 2412 'resipuit
259 2349 288 2395 et
299 2340 416 2395 veniam
429 2339 518 2409 petit,
534 2338 604 2392 dum
622 2349 703 2393 esset
721 2348 750 2394 et
766 2339 831 2409 ipse
844 2340 948 2410 jussus
960 2351 1037 2400 terra
1050 2346 1173 2404 cedere:

117 2431 224 2502 scripsi
241 2447 296 2502 pro
309 2447 359 2499 eo,
378 2429 480 2484 nescio
493 2445 529 2483 an
546 2427 713 2500 impetrem.
747 2428 1053 2509 Martinus-lenensis
1066 2437 1173 2506 jussus
1237 2432 1240 2436 ⁴

116 2521 242 2591 cedere,
260 2521 380 2592 plorans
392 2517 529 2574 valefecit
544 2517 575 2572 in
588 2517 746 2584 cathedra,
764 2521 995 2593 supplicansque
1007 2533 1062 2595 pro
1075 2528 1172 2596 venia,

118 2613 249 2684 quinque
266 2610 396 2666 florenos
413 2625 470 2680 pro
491 2623 640 2679 responso
665 2609 927 2680 accepit,·deinde
951 2631 1007 2683 per
1029 2617 1174 2687 oppidum
1190 2605 1193 2613 ’

117 2701 285 2763 mendicare
313 2713 476 2771 procurans
501 2698 535 2749 25
559 2711 680 2766 grossos
713 2698 837 2768 accepit.
878 2702 1019 2757 Arbitror
1041 2704 1118 2761 haec
1143 2702 1174 2764 in

115 2777 231 2846 bonum
249 2789 382 2846 omnium
400 2785 645 2841 concionatorum
661 2781 690 2850 ³)
716 2784 795 2855 fieri,
812 2799 846 2842 ut
863 2790 950 2845 simul
968 2803 1098 2849 tentetur
1115 2800 1174 2868 spi.

118 2880 193 2935 r'ilus
211 2894 335 2948 eorum,
354 2886 384 2930 et
399 2875 488 2936 simul
505 2873 621 2928 discant
632 2888 703 2927 cum
719 2876 825 2932 timore
841 2880 1011 2961 praedicare
1029 2892 1058 2936 et
1075 2900 1172 2953 agere.

117 2971 189 3025 Vale
216 2980 244 3023 et
269 2984 320 3023 ora
347 2962 487 3037 prome.
519 2961 759 3046 Witembergae,
788 2966 861 3022 seria
885 2973 911 3025 5,
936 2981 1003 3044 post
1027 2972 1175 3045 Crispini,

117 3053 197 3117 anuo
214 3055 399 3114 MDxxw.

715 3276 717 3280 ι
810 3243 960 3302 Martinus
978 3246 1140 3307 Lutherus.

170 3701 273 3755 l)cod.
287 3699 309 3745 J.
323 3670 556 3757 illis-magunt.⁴
586 3659 868 3749 Madd-addila.
918 3700 940 3769 sl
961 3699 1028 3748 eod.
1041 3702 1063 3750 J.
1078 3703 1173 3763 praedi,

120 3779 238 3822 ntorum.

121 3911 349 3928 m

169 4014 191 4065 q
207 4011 263 4065 301„
277 4009 397 4066 equulus,
411 4019 440 4059 un
455 4007 551 4062 urtam
565 4008 600 4057 tir
609 4007 694 4061 ioum
707 4002 821 4056 unua.
831 4005 984 4062 mcxvi.
999 4013 1107 4068 cruam
1116 4015 1171 4070 lut.
