2574 4724
171 297 231 365 150
645 298 733 359 1522.

172 453 365 526 sanan.
922 445 1186 506 uacccaxvr.

556 601 604 671 aa
626 600 835 680 &talant

219 758 243 808 t,
256 757 339 809 inunt
353 757 412 808 stlat
425 755 624 812 attaminatus
637 758 682 805 mtt
694 758 757 805 ttatt
770 758 919 810 temeratus
938 754 973 802 tlt
987 764 1010 803 tr
1023 754 1048 801 ta
1061 755 1110 801 tent
1124 752 1219 804 &cittis

170 818 213 879 tta
226 841 256 878 aa
269 833 311 878 tta
324 831 458 883 tattitttu
471 830 512 884 tat
524 831 662 884 tumtunm
675 830 768 883 latitia

172 1060 545 1116 &matrifamilias
570 1063 903 1120 atat.coa.ten.a.;t.¹³⁵.
929 1059 1082 1115 wti‘s’ltt
1096 1059 1190 1109 wald

627 1138 752 1186 limis.

169 1266 332 1322 Ministro
349 1266 484 1336 Christi,
508 1267 552 1323 D.
573 1268 713 1342 Georqio
729 1266 916 1341 &palatium
941 1283 998 1322 sno
1023 1267 1057 1321 in
1075 1264 1216 1322 Domino

602 1355 723 1426 fratri.
741 1360 765 1423 ¹)

169 1425 320 1532 Salutem.
352 1469 432 1525 Esse
449 1479 478 1525 te
495 1469 716 1540 Evangelistam
733 1466 863 1540 gaudeo,
880 1470 922 1523 mi
940 1469 1081 1540 spalatin,
1101 1478 1129 1522 et
1148 1486 1216 1536 oro,

167 1568 200 1611 ut
216 1544 368 1613 Dominus
392 1559 478 1614 iaciat
500 1559 626 1613 verbum
652 1570 735 1614 tuum
760 1559 885 1613 verbum
903 1558 1020 1613 virtutis
1045 1557 1074 1610 in
1092 1558 1217 1627 plenitu.

168 1644 267 1701 dinem
286 1644 351 1702 fidei
368 1659 452 1716 tuae,
473 1660 510 1711 ¹et
529 1666 632 1702 eorum
651 1649 747 1719 quite
766 1649 894 1703 audiunt.
931 1646 1020 1720 Quod
1038 1663 1111 1699 vero
1129 1645 1216 1696 mira.

168 1735 231 1802 ria,
257 1753 312 1789 cur
327 1753 388 1791 non
405 1737 536 1791 dederim
553 1736 589 1790 ad
606 1746 634 1791 te
652 1737 768 1805 literas,
796 1745 1000 1806 argumentum
1017 1745 1063 1788 est
1080 1734 1226 1787 modicae·

132 1813 137 1828 ’
168 1812 235 1878 lidei
260 1835 345 1892 tuae,
372 1826 456 1898 quasi
482 1826 549 1881 idco
568 1826 624 1880 sim
649 1827 798 1895 offensus,
824 1826 892 1897 quia
914 1825 1002 1879 tacui.
1038 1824 1216 1897 Quanquam

170 1915 241 1986 quid
259 1917 383 1982 reserat,
410 1916 434 1969 si
453 1916 583 1970 offensus
601 1916 640 1971 sit
658 1916 829 1984 Lutherus,
848 1932 918 1971 cum
933 1924 967 1968 tu
978 1914 1041 1984 jam
1058 1914 1100 1969 sis
1119 1914 1215 1986 dives,

168 1988 200 2059 'et
216 2021 322 2073 regnes
341 2004 370 2059 in
387 2004 527 2073 Christo,
546 2022 606 2077 quo
625 2007 691 2061 solo
709 2007 893 2076 gloriandum
910 2002 975 2060 est?

172 2162 177 2173 ι
190 2144 195 2152 ,
233 2092 326 2148 Mitto
338 2093 389 2148 hic
402 2093 501 2149 literas
513 2093 549 2147 ad
561 2094 751 2166 Principem,
770 2094 799 2150 in
811 2095 919 2166 quibus
931 2104 964 2148 ut
975 2095 1066 2148 multa
1078 2093 1215 2146 incredu.

165 2180 256 2238 litatis
281 2184 402 2253 pavidae
429 2185 510 2254 signa
533 2183 679 2255 Princeps
704 2185 850 2253 ostendit,
876 2202 952 2257 quae
980 2184 1131 2238 infirmitas
1150 2183 1214 2251 ejus

167 2272 287 2327 terenda
306 2284 367 2340 est,
386 2274 424 2328 ita
441 2273 501 2328 hoc
518 2290 610 2328 unum
626 2291 675 2328 me
698 2274 863 2327 offendebat
879 2273 1021 2340 verbum,
1045 2271 1125 2342 quod
1143 2273 1216 2325 Cae.

168 2378 266 2416 sarem
292 2379 385 2431 cogor
410 2363 571 2434 appellare:
600 2357 679 2419 litia
703 2357 916 2430 tittandbigfltt
933 2361 1019 2427 btrts
1045 2377 1113 2414 canu
1140 2361 1217 2414 sciat

168 2451 263 2528 orbis,
281 2467 348 2505 esse
360 2450 433 2504 mihi
446 2450 690 2518 infensissimum,
706 2458 735 2504 et
746 2450 826 2505 hunc
839 2450 941 2503 fucum
951 2450 1140 2503 manifestum
1153 2466 1217 2502 om.

168 2556 223 2595 nes
250 2539 395 2593 ridebunt.
430 2539 546 2594 Tamen
572 2557 627 2610 ego
650 2540 749 2611 potius
775 2538 862 2592 rideri
888 2539 959 2592 volo
985 2548 1015 2593 et
1038 2538 1099 2593 fuci
1117 2539 1216 2607 argui,

170 2646 260 2699 quam
284 2627 441 2682 infirmitati
465 2629 614 2700 Principia
639 2628 797 2695 resistere,
824 2628 1038 2684 conscientiam
1064 2640 1161 2683 autem
1180 2629 1216 2682 ab

169 2717 228 2790 isto
245 2718 315 2771 suco
333 2717 377 2771 sic
396 2717 528 2785 redimo,
551 2716 632 2788 quod
648 2733 721 2772 usam
740 2726 769 2771 et
787 2718 881 2788 stylus
899 2718 944 2772 sic
961 2719 1085 2786 habeat,
1112 2719 1217 2772 Caesa.

168 2823 234 2863 rem
251 2807 395 2877 appellare
407 2807 488 2860 velut
501 2806 622 2878 proprio
639 2806 758 2861 nomine
776 2818 805 2861 et
821 2807 907 2861 titulo
920 2808 1006 2862 etiarn
1024 2809 1060 2862 ab
1079 2809 1114 2862 iis
1124 2849 1133 2877 ,
1153 2809 1218 2879 qui.

61 2936 72 2953 t
168 2893 226 2952 bus
250 2896 289 2951 ait
315 2895 543 2951 infensissimus.
577 2895 655 2952 Nam
681 2914 735 2966 ego
762 2898 850 2952 tucos
876 2898 950 2953 mire
974 2899 1060 2965 odio,
1090 2909 1119 2952 et
1144 2898 1215 2951 satis

168 2986 296 3063 inultum
311 2985 354 3047 eis
372 2986 511 3040 concessi
523 2986 685 3053 hactenus,
703 2985 858 3058 aliquando
871 2998 900 3042 et
916 2987 1049 3058 auiinaion
1066 2996 1214 3058 praestare

170 3085 299 3149 oportet.
333 3076 385 3130 Tu
410 3076 457 3129 fac
474 3091 543 3129 ores
561 3062 616 3148 pro
634 3092 698 3143 me,
729 3087 757 3130 et
769 3077 860 3146 juves
883 3082 1015 3131 satanam
1036 3076 1125 3130 istum
1144 3092 1216 3128 con.

170 3167 308 3234 culcare,
325 3164 376 3236 qui
393 3182 426 3220 se
444 3165 539 3220 erexit
557 3160 789 3234 Witt'embergae
805 3166 947 3221 adversus
958 3163 1140 3234 Euangeliou
1158 3165 1215 3217 sub

119 3258 122 3263 '
169 3257 291 3311 nomine
314 3255 481 3325 Evangelii:
510 3272 579 3309 cum
603 3256 706 3325 angelo
733 3256 762 3310 in
789 3256 923 3324 angelum
948 3254 1024 3310 lucis
1049 3270 1139 3307 verso
1153 3255 1217 3322 jam

171 3332 348 3418 pugnamus.⁴
380 3346 542 3400 Carlstadio
569 3344 684 3400 difficile
703 3345 760 3400 erit
775 3362 866 3401 sensu
884 3344 1007 3411 cedere,
1030 3355 1057 3398 at
1075 3344 1215 3398 Christus

172 3447 261 3506 coget
279 3453 363 3503 eiam,
382 3435 407 3490 si
420 3452 479 3489 non
495 3435 621 3491 cesserit
636 3445 753 3506 sponte.
786 3434 910 3497 Domini
922 3434 1000 3487 enim
1018 3449 1121 3489 sumus
1139 3436 1219 3488 vitae

172 3537 202 3581 et
219 3527 341 3593 mortis,
368 3527 418 3596 qui
437 3525 585 3580 credimus
610 3524 640 3579 in
655 3524 820 3580 Dominum
837 3523 913 3577 vitae
938 3533 967 3576 et
983 3523 1101 3577 mortis
1135 3526 1219 3579 Alias

173 3616 256 3687 plura
265 3655 274 3682 ,
296 3631 374 3668 nunc
389 3613 454 3667 vale
472 3625 502 3668 et
518 3614 686 3668 confortare
705 3613 734 3667 in
750 3611 928 3679 ministerio,
947 3613 1027 3683 quod
1045 3613 1216 3684 suscepisti.

173 3706 276 3760 Altera
293 3703 450 3773 Gregorii,
468 3720 543 3758 anno
560 3700 732 3757 mnxxu.

796 3789 881 3845 Tuus
900 3789 1046 3846 Martinus
1063 3790 1185 3846 Luther.

184 3883 187 3893 .
653 3874 658 3888 .

222 3965 244 4011 tl
261 3959 324 4011 llud
337 3960 395 4005 cod.
409 3960 464 4006 Jeu.
