2574 4724
586 314 679 392 1523.
1096 315 1158 385 309

103 477 211 528 vestro
227 465 356 544 pugnant
371 484 440 528 cum
456 469 621 544 Evangelio
631 479 745 530 nostro.
780 473 853 531 Satis
870 471 1031 536 tatamen
1040 471 1160 530 infirmi.

104 562 159 617 tati
176 562 360 631 amicorum,
377 572 407 618 et
423 563 511 618 video
529 564 690 620 multorum
701 564 778 619 hanc
795 564 977 620 tolerantiam
994 563 1058 628 lieri
1072 581 1160 620 occa.

105 652 224 710 aionem
239 652 414 724 pertinaciae
427 662 457 709 et
471 654 588 709 ludibrii
606 656 746 710 adversus
763 653 963 726 Euangeliou,
980 665 1013 710 ut
1030 655 1162 726 ipsane.

105 742 233 800 cessitas
251 751 281 797 et
296 753 413 815 tempus
425 745 595 815 postulent,
611 754 643 798 ut
655 745 810 815 aliquando
828 745 958 802 officium
975 761 1076 801 meum
1093 762 1161 821 ειη.

105 832 208 887 citem.
243 830 346 905 Quare
372 833 409 888 nd
427 832 626 901 evangelicam
643 850 778 887 normam
797 832 893 905 primo
911 833 1046 903 privatim
1062 833 1105 890 D.
1123 832 1160 890 V.

106 920 139 977 in
155 920 278 976 Christo
296 936 417 987 moneo,
434 937 469 975 ac
486 921 627 992 requiro,
645 930 679 976 ut
694 923 845 979 communi
861 939 953 994 opera
969 933 1073 978 curent
1090 923 1162 978 abo.

106 1010 183 1078 leri,
206 1010 346 1082 quicquid
370 1010 605 1068 abominationis·
621 1011 812 1068 intolerabilis
829 1011 992 1083 Evangelio
1013 1011 1161 1069 hactenus

106 1102 266 1158 toleratum
281 1106 338 1156 est.
371 1098 453 1156 Nam
469 1101 610 1172 deinceps
626 1101 662 1156 V.
679 1102 722 1157 D.
739 1102 830 1157 latera
846 1119 944 1174 nequo
961 1102 1047 1157 decet
1063 1119 1161 1176 neque

107 1200 228 1264 potest,
252 1189 324 1263 quid
351 1189 546 1247 christianum
560 1201 620 1256 *aut
642 1208 704 1247 nou
721 1191 915 1248 christianum
933 1192 1073 1264 palentin
1091 1194 1162 1250 loco

109 1281 170 1352 isto
183 1279 280 1349 faciat,
288 1280 312 1348 ¹)
324 1281 442 1352 quando
457 1291 501 1336 tot
512 1281 701 1336 sermonibus
713 1291 743 1337 et
753 1281 842 1338 libris
848 1284 998 1353 vulgatum
1010 1282 1164 1350 estEran.

109 1369 227 1440 pelion,
242 1379 275 1424 ut
292 1367 322 1423 id
337 1369 421 1441 pueri
438 1378 468 1424 et
483 1369 596 1441 puellae
608 1379 642 1424 'et
658 1386 750 1441 paene
761 1371 898 1428 insensati
915 1371 1027 1438 sciant,
1044 1382 1074 1428 at
1090 1388 1163 1429 con.

109 1456 234 1514 scientia
248 1473 314 1513 mea
331 1458 372 1513 ob
389 1457 537 1513 creditum
552 1457 625 1513 mihi
643 1459 837 1515 ministerium
854 1461 980 1534 amplius
998 1477 1046 1516 me
1062 1471 1163 1518 tacere

108 1565 172 1604 non
188 1558 234 1604 est
250 1563 380 1621 passum.
413 1547 535 1604 Faciant
551 1564 623 1618 ergo
639 1548 681 1604 D.
699 1549 735 1606 V.
753 1551 781 1604 id
799 1562 927 1622 sponte,
951 1553 1034 1624 quod
1052 1554 1164 1609 lacien.

109 1639 181 1694 tium
192 1637 317 1710 pulchre
328 1646 455 1706 norunt,
474 1655 512 1693 ne
525 1638 600 1693 mihi
615 1655 740 1696 necesse
752 1640 790 1695 sit
802 1657 859 1697 ros
869 1640 988 1710 publice
1001 1643 1162 1699 offendere.

106 1728 275 1800 Particlpes
292 1738 362 1784 sunt
372 1727 416 1783 D.
433 1726 469 1782 V.
483 1728 572 1798 bujus
589 1729 665 1796 loci,
682 1731 757 1785 aeris
771 1742 799 1785 et
811 1730 944 1786 omnium
957 1749 1078 1800 rerum,
1095 1733 1162 1788 ineo

102 1821 241 1899 ,cogitare
257 1817 386 1887 debent,
402 1817 490 1874 nobis
507 1819 616 1874 diutius
627 1836 688 1878 non
702 1835 770 1874 esse
782 1819 964 1889 iaciendum,
982 1832 1016 1877 ut
1027 1839 1164 1877 commu.

109 1910 246 1966 nicemus
271 1907 430 1963 vobiscum
454 1906 551 1972 solitis
575 1906 864 1977 abominationibus,
889 1909 995 1965 deditis
1020 1910 1162 1966 adversus

109 1997 313 2070 Euangeliou,
338 1997 419 2068 qnod
438 1995 528 2067 jubet
551 1997 646 2050 vitare
662 1997 785 2061 fratres,
811 1995 943 2068 quinon
967 1998 1164 2071 acquiescunt

109 2088 189 2147 sanis
211 2086 400 2145 sermonibus
425 2078 552 2141 Domini
577 2086 682 2141 nostri.
727 2087 789 2141 Aut
814 2103 884 2157 ergo
910 2087 1063 2159 publicum
1086 2091 1164 2146 istud

107 2177 283 2235 'amndulum
304 2175 469 2250 tollendum
494 2184 560 2242 est,
587 2184 638 2229 aut
661 2173 967 2233 christianonornine
992 2179 1173 2234 carendum·

110 2268 216 2328 Gratia
231 2264 357 2323 Domini
374 2266 468 2321 nostri
486 2264 660 2332 vobiscum,
678 2267 785 2321 Amen.
818 2265 870 2321 Ex
884 2265 1040 2322 coenobio
1056 2278 1162 2325 nostro

108 2356 303 2419 sfflxxln.
319 2356 481 2413 Dominica
499 2354 714 2411 Reminiscere.

797 2435 948 2517 Martinus
963 2437 1131 2523 Lutherus.

150 2745 175 2807 t.
192 2743 296 2816 nitet.
641 2705 643 2709 ¹
820 2746 873 2837 Ni.
891 2745 1129 2808 ccccnxxtv.

447 2870 449 2879 '
497 2880 546 2950 stt
568 2878 779 2959 &raiatia

153 3017 177 3065 Β.
191 3014 266 3069 [tritt
279 3009 430 3068 bralnltltrtt
443 3012 488 3061 arti
501 3013 539 3059 ber
552 3011 668 3066 &bretti
682 3016 729 3062 tuti
742 3014 811 3068 mtilt
824 3013 899 3069 tiniae
912 3013 1060 3065 sanitates
1073 3014 1126 3063 raia

173 3225 225 3279 ΒΝ
238 3227 374 3274 Buddena
386 3239 410 3284 p.
424 3226 458 3275 27.
483 3228 541 3280 uini.
555 3223 731 3338 effingam
744 3224 762 3271 l.
774 3226 821 3273 236.
845 3224 945 3277 lberali&
959 3225 999 3276 its
1012 3223 1107 3275 ibai&

112 3405 256 3464 Erudito
274 3414 304 3463 et
317 3406 374 3479 pio
393 3405 492 3474 Viro,
509 3406 552 3462 D.
572 3363 711 3479 Georpio
729 3397 918 3477 Spoletino,
935 3403 1164 3478 Evcnqela'stnc

327 3487 432 3542 aulico
449 3489 549 3556 Sam,
568 3504 626 3542 suo
643 3487 678 3542 r'ra
696 3487 822 3551 Christo
829 3485 951 3559 fratri.

112 3596 227 3696 Gratia
243 3650 272 3696 et
284 3658 343 3714 pax
361 3642 390 3697 in
408 3641 539 3698 Christo.
573 3642 634 3698 Has
658 3640 803 3699 novitates
827 3656 867 3697 ex
884 3641 1028 3697 Helvetiis
1051 3639 1163 3712 accepi.

116 3731 256 3803 Casparis
274 3731 420 3786 Schalben
438 3749 557 3804 quoque
576 3733 674 3788 literas
690 3733 795 3799 mitto,
818 3747 851 3786 en
869 3748 957 3787 causa
967 3769 976 3800 ‚
999 3742 1033 3786 ut
1049 3731 1166 3804 opinio,

112 3838 185 3878 nem
204 3823 240 3876 de
257 3820 389 3892 Georgio
413 3838 452 3876 ex
469 3822 621 3877 Ebeleben
644 3838 683 3879 ex
699 3823 848 3896 prioribus
870 3831 1050 3895 conceptam
1061 3835 1168 3880 rursus

166 3991 188 4042 l)
203 3989 327 4043 taratrum
338 3989 430 4039 laniasti
442 3989 494 4040 citt
506 3989 556 4039 sna
