2574 4724
542 331 631 399 1523.
1048 332 1115 403 293.

62 489 142 545 enim
160 485 326 561 prosodia
348 487 426 545 idem
448 494 510 559 est,
536 491 618 563 quod
641 507 696 561 pro
718 489 865 560 religiosis
886 498 915 544 et
931 484 1106 557 monachis,

61 580 116 635 sed
139 596 195 652 pro
220 578 372 635 cunibus:
397 579 515 635 scilicet
537 580 619 651 quod
642 595 747 634 omnes
765 578 948 635 Christianos
971 588 1109 651 oporteat

60 669 144 724 illum
166 669 291 737 imitari,
314 686 374 724 non
397 669 518 741 quidem
540 670 635 724 simile
656 684 732 740 opus
749 670 906 741 patrando,
933 670 987 724 aed
1004 671 1108 724 eadem

61 759 137 827 lide,
160 757 263 813 eadem
285 758 468 826 obedientia,
493 759 599 813 eodem
619 758 724 828 spiritu
746 759 906 828 operando.
940 759 1012 814 Non
1029 759 1108 814 enim

56 848 162 905 omnia
177 845 310 902 membra
327 848 452 901 eundern
469 858 568 902 actum
587 847 716 912 habeut,
738 846 836 919 omnia
859 856 957 903 tamen
981 833 1109 905 eundem

61 937 210 1004 animum,
227 935 253 1003 ¹)
275 938 402 992 eundem
418 937 569 1007 spiritum,
595 937 718 993 eandem
735 937 825 991 vitam
842 936 961 997 habent.
994 939 1034 995 Ut
1055 939 1109 995 ite.

20 1056 23 1060 >
60 1044 131 1083 rum
145 1027 247 1083 videas
265 1026 456 1082 stoliditatem
472 1028 666 1097 Indagatoris,
684 1027 735 1097 qui
747 1027 915 1083 communia
926 1027 1109 1085 Christiano.

61 1133 130 1173 rum
147 1118 218 1173 lacit
233 1118 353 1189 propria
369 1117 596 1172 monachorum.
630 1118 709 1173 Nam
733 1127 763 1172 et
782 1118 846 1190 ipae
864 1120 948 1190 plane
966 1136 1003 1174 eo
1019 1120 1110 1175 tratiit

61 1207 135 1264 illud
150 1222 214 1280 pro
229 1204 331 1278 vobis,
355 1216 388 1262 ut
404 1222 459 1278 pro
477 1209 616 1280 exemplo
633 1202 765 1263 imitabili
782 1208 851 1264 velit
867 1208 972 1280 accipi.
1006 1210 1035 1265 Si
1059 1226 1110 1268 au.

62 1307 126 1354 tem
142 1296 333 1352 imitationem
349 1314 411 1352 non
427 1299 518 1353 refert
536 1298 571 1353 ad
589 1298 676 1355 iidem
694 1310 723 1354 et
739 1300 893 1370 spiritum,
919 1301 972 1356 sed
996 1301 1033 1355 ad
1056 1317 1110 1358 ex.

63 1399 183 1444 ternum
198 1403 292 1459 opus,
316 1396 389 1442 tunc
405 1388 500 1442 multo
516 1389 609 1458 magis
626 1389 752 1457 insanit,
774 1405 844 1444 cum
863 1391 961 1446 nullus
979 1408 1110 1464 unquam

61 1477 278 1533 monachorum
294 1476 447 1533 daemonia
465 1479 596 1549 ejecerit.
624 1479 730 1551 ,Atque
745 1479 805 1534 lieri
817 1489 985 1551 oporteret,
1000 1489 1033 1535 ut
1043 1497 1110 1536 mo.

61 1569 174 1624 nastice
189 1568 263 1625 nihil
286 1569 344 1625 nisi
368 1577 490 1624 externa
514 1569 691 1625 daemonum
715 1569 823 1641 ejectio
849 1580 947 1638 esset,
972 1581 1005 1625 ut
1027 1571 1110 1628 illum

62 1658 263 1727 imitarentur,
282 1659 318 1713 de
335 1675 395 1730 quo
413 1657 564 1738 gloriatur:
581 1675 645 1731 pro
661 1656 747 1715 vobis
762 1666 817 1714 est.

128 1748 220 1824 Quod
232 1749 259 1805 ei
271 1764 336 1821 pro
352 1749 438 1806 vobis
454 1749 563 1804 dictum
575 1759 638 1817 est,
654 1765 716 1804 non
733 1749 769 1804 de
785 1748 955 1806 imitationis
969 1751 1110 1823 exemplo

62 1841 157 1908 (aicut
165 1856 221 1910 ego
231 1840 348 1907 credo),
360 1841 414 1894 sed
426 1839 462 1895 de
474 1839 655 1910 operationis
664 1840 830 1908 consortio,
841 1849 875 1895 ut
887 1841 926 1895 ait
938 1855 1002 1911 pro
1015 1838 1110 1909 uobis,

63 1933 142 1987 idem
157 1931 239 2003 quod
255 1942 449 2002 cooperator,
468 1930 620 2003 quomodo
637 1929 749 1985 Paulus
768 1930 856 1998 dicit,
872 1931 963 1986 Rom.
982 1931 1067 1986 vul:
1082 1931 1111 1997 2)

62 2022 101 2079 aa·
115 2021 206 2078 Deua
219 2037 283 2093 pro
306 2018 412 2089 nobis,
437 2019 509 2094 quis
532 2027 648 2075 eontra
670 2023 753 2074 nos?
777 2018 819 2075 Et
842 2020 962 2075 iterum:
992 2020 1111 2076 Omnia

62 2118 280 2186 cooperantur
295 2110 399 2166 electis
415 2111 461 2165 ad
478 2109 602 2167 bonurn.
637 2108 750 2165 lterum
772 2109 925 2181 sequitur,
950 2111 1049 2165 sotum
1073 2109 1111 2166 de

63 2204 99 2260 iia
116 2201 255 2272 intelligi,
276 2201 326 2273 qui
343 2201 399 2257 sub
416 2200 522 2255 eodem
539 2210 698 2271 praecepto
716 2199 882 2271 eodemque
899 2199 1004 2271 spiritu
1022 2216 1111 2270 agua.

62 2302 127 2362 tur,
146 2301 175 2348 et
185 2308 247 2347 non
258 2291 356 2363 possit
367 2290 484 2360 intelligi
496 2286 524 2354 ³)
541 2289 577 2343 de
589 2289 643 2356 iis,
661 2289 710 2361 qui
728 2304 784 2344 suo
802 2287 924 2344 arbitrio
940 2290 1003 2344 sine
1014 2289 1110 2347 verbo

61 2383 124 2440 Dei
150 2383 280 2437 luerunt.
301 2371 331 2448 ⁴)
366 2379 466 2454 Quare
492 2379 592 2450 inepto
617 2378 664 2433 isti
688 2388 717 2433 et
742 2395 835 2434 caeco
859 2379 1023 2449 lndagatori
1048 2394 1112 2436 non

63 2471 232 2526 docendum
253 2479 333 2537 erat,
360 2484 426 2524 esee
444 2470 587 2540 quaedam
603 2478 706 2523 contra
722 2485 797 2537 noe,
823 2469 971 2540 quaedam
983 2487 1039 2540 pro
1056 2488 1111 2528 no.

62 2561 132 2628 bia,
156 2560 185 2616 id
205 2561 285 2633 quod
311 2559 374 2615 sine
399 2560 459 2614 suis
481 2559 652 2626 Scrutiniis,
674 2559 877 2629 Indaginibus,
901 2560 1110 2616 Conaminibus

64 2650 193 2723 pulchre
209 2649 392 2716 sciebamus,
411 2649 464 2703 sed
481 2647 683 2719 probandum,
700 2648 884 2703 monasticen
902 2664 967 2703 esse
984 2666 1038 2719 pro
1056 2668 1110 2705 no.

63 2741 131 2808 bia,
157 2747 186 2794 et
205 2755 264 2794 non
286 2750 390 2794 contra
414 2755 488 2806 nos,
514 2738 594 2809 quod
610 2728 640 2804 ς)
656 2755 712 2809 pro
734 2739 815 2791 cultu
838 2748 868 2792 et
884 2740 1030 2810 obsequio
1046 2740 1108 2796 Dei

64 2833 236 2889 haberetur.
270 2831 471 2888 Tolerabilem
493 2846 584 2898 vero,
600 2821 628 2896 ⁶)
650 2829 674 2883 ai
692 2847 747 2901 pro
771 2829 865 2884 libero
890 2832 1018 2901 quodam
1040 2849 1111 2886 cor.

63 2923 149 2996 poris
167 2921 311 2977 exercitio
329 2919 531 2992 temporaliter
547 2919 595 2973 vel
613 2928 759 2990 perpetuo
780 2929 939 2997 teneretur.
973 2921 1055 2974 tlaec
1072 2920 1108 2976 do
1201 2974 1204 2991 ,

87 3012 163 3067 rimo
179 3011 261 3066 eatis.

63 3031 84 3086 p
130 3101 263 3154 Alterum
281 3114 403 3170 quoque
422 3096 571 3164 tractabo,
596 3097 675 3168 qu'od
699 3077 808 3152 inducit
830 3113 869 3152 ex
886 3097 1032 3152 Hieremia
1048 3096 1110 3151 Re.

64 3191 216 3260 chabitaa,
241 3191 292 3262 qui
309 3190 463 3243 mandante
480 3200 561 3260 patre
577 3187 714 3244 Jonadab
732 3197 876 3260 perpetuo
894 3187 1076 3242 abstinebant
1092 3203 1110 3242 a
1165 3171 1169 3180 ¹

63 3281 135 3336 vino
157 3292 188 3336 et
203 3281 376 3349 agricultura
394 3290 423 3334 et
439 3277 576 3333 domibus
593 3278 794 3343 aedificandis,
812 3293 904 3349 quare
923 3279 985 3332 hoc
1007 3294 1110 3333 exerta.

62 3372 116 3445 plo
133 3371 203 3425 licet
218 3370 401 3425 monasticen
418 3385 529 3424 vovere
545 3378 736 3440 perpetuam,
753 3383 821 3422 cum
838 3369 905 3423 illoa
923 3367 1034 3425 eximie
1049 3368 1110 3421 lau.

63 3461 139 3515 darit
163 3470 194 3515 et
215 3459 377 3515 munerarit
395 3460 554 3514 Dominus.
588 3458 678 3526 Vide,
703 3473 833 3529 quaeso,
858 3467 888 3511 et
911 3456 1113 3525 minoriticam

63 3549 282 3619 OE‘heologiam,
300 3540 329 3615 ⁷)
354 3564 428 3619 quae
446 3548 475 3602 in
492 3547 651 3618 Scripturis
671 3546 745 3601 nihil
768 3546 865 3613 videt,
889 3545 946 3601 nisi
971 3545 1108 3601 cucullos

63 3653 96 3695 et
117 3639 269 3712 calopodia
293 3654 354 3693 sua.
389 3638 445 3692 Sed
469 3637 621 3692 videamus
645 3652 714 3692 eum
736 3635 847 3692 locum.
881 3635 1110 3691 Commendatur

114 3861 135 3910 l)
149 3857 208 3903 Vll.
223 3858 323 3904 eandem
337 3835 456 3903 animant.¹
494 3856 587 3916 lll'il.
602 3859 626 3903 ut
640 3856 663 3902 P.
677 3855 821 3903 ttonvnl.
837 3855 903 3903 dicit.
936 3855 1108 3909 &wit-et

63 3943 115 3981 non
132 3931 341 3989 poaaitintelligi.
390 3931 412 3985 lt
430 3930 488 3977 vit.
508 3932 624 3977 teruntur.
671 3933 696 3979 5)
715 3931 771 3977 vit.
791 3931 959 3989 etquolure.
1008 3932 1029 3984 6)
1048 3929 1107 3976 vtt.

65 4005 218 4054 tolerabilem
232 4006 294 4054 euim
307 4006 359 4064 ipae
372 4004 430 4052 dlxi.
479 4007 502 4058 ἵ)
517 4004 575 4052 Vlt.
589 4016 678 4064 quaeac
691 4005 777 4054 Tbaol.
791 4004 848 4053 niu.
