2574 4724
544 351 634 423 1523,
1052 350 1114 422 291

128 503 250 560 Tamen
265 511 298 562 ut
314 521 383 561 cum
401 522 505 564 crasso
523 507 650 564 cerebro
669 523 770 565 crasse
793 506 1052 581 loquer,·psrtior
1072 505 1117 573 si.

65 600 127 649 tam
142 593 271 650 hominis
288 596 317 650 in
333 596 409 665 duo,
426 598 474 652 vel
493 599 572 652 enim
588 599 646 669 agit
663 613 732 652 cum
749 597 957 666 inferioribus,
978 597 1026 651 vel
1044 612 1116 659 cum

65 685 272 757 superioribus
300 701 380 742 sese.
419 687 496 742 Cum
521 686 712 743 inferioribus
741 705 828 758 agere
856 687 1000 759 permittit
1026 687 1116 743 Deus
1178 755 1179 758 Ἴ

67 775 157 830 etism
180 789 231 841 es,
255 791 330 846 quae
349 777 412 849 ipse
428 794 490 832 non
507 778 622 835 ordinat
637 778 731 833 sacris
752 778 860 843 literis,
886 787 919 831 ut
943 775 1115 845 aedificare,
1159 773 1162 780 ’

64 863 192 936 pascere
208 880 321 935 pecus,
339 882 456 931 emere,
472 877 502 921 et
518 878 552 922 ιιι
564 866 669 922 Petms
686 851 777 922 vocat
792 877 942 922 creaturas
959 866 1116 933 humanas,
1169 938 1177 947 ¹

65 954 177 1022 idest,
197 954 398 1016 ordinationes
416 957 526 1011 secere.
561 957 597 1011 ln
612 955 662 1012 his
679 966 806 1013 nonest
821 971 916 1026 opus,
940 964 975 1009 ut
989 955 1117 1017 verbum

64 1044 127 1102 Dei
145 1052 308 1116 expectes,
325 1044 381 1100 sed
395 1056 493 1116 potest
509 1045 585 1101 hsec
597 1043 624 1113 ²)
641 1047 727 1101 etism
743 1044 861 1110 setheo,
871 1044 989 1114 gentilis
1004 1044 1121 1105 Mosen¹

67 1141 207 1191 sanctum
218 1133 346 1202 docere,
365 1151 401 1188 eo
414 1135 495 1204 quod
512 1133 643 1204 (Genes.
657 1132 698 1201 1.)
715 1134 809 1189 homo
825 1133 944 1206 positus
962 1133 1001 1189 sit
1015 1126 1119 1190 renuo

67 1223 224 1291 dominus,
240 1234 274 1277 ut
284 1240 339 1295 per
349 1224 493 1279 rationem
506 1241 539 1279 ea
550 1224 702 1297 disponat,
720 1241 796 1295 quae
807 1233 875 1279 sunt
885 1238 953 1279 sese
965 1221 1117 1295 inferiora,

67 1326 124 1385 pro
142 1327 199 1368 suo
214 1311 345 1368 arbitrio.
378 1312 458 1376 Nsm
475 1313 505 1368 in
520 1311 568 1369 his
582 1331 644 1369 non
655 1323 702 1369 est
713 1313 788 1369 situs
801 1310 897 1369 cultos
909 1312 987 1380 Dei,
1005 1321 1035 1367 et
1045 1311 1120 1368 fiunt

67 1410 129 1458 tam
146 1401 183 1455 ab
198 1401 293 1472 impiis
310 1418 399 1474 quam
417 1403 484 1473 piis.
500 1404 530 1471 2)
557 1403 703 1475 Dispersa
719 1414 788 1459 sunt
804 1403 880 1458 haec
897 1403 1037 1459 omnibus
1054 1418 1121 1474 grs-

68 1490 161 1555 tuito‚
178 1488 262 1547 bonis
280 1492 426 1560 struatis,
443 1503 475 1547 ut
491 1492 563 1548 dicit
579 1491 692 1548 Matth.
709 1491 762 1548 vt.
779 1489 806 1555 ³>

134 1581 192 1639 Sed
215 1597 285 1636 cum
307 1583 513 1654 superioribus
537 1600 640 1667 agere,
664 1583 693 1637 id
711 1591 758 1637 est
774 1598 843 1638 cum
860 1581 951 1649 Deo,
973 1597 1035 1636 oon
1051 1598 1121 1680 per.

65 1671 150 1731 misit
162 1671 249 1727 Deus
263 1688 394 1743 unquam
412 1682 461 1728 sut
477 1673 637 1744 permittit,
655 1672 710 1726 sed
720 1671 864 1743 quicquid
875 1671 927 1726 hic
939 1669 1002 1726 fieri
1015 1652 1119 1741 debet,

67 1760 131 1817 hoc
144 1760 235 1825 debet
250 1779 312 1817 non
328 1762 383 1817 nisi
405 1771 489 1817 certo
513 1772 543 1817 et
568 1775 713 1833 expresso
736 1762 874 1816 mandato
890 1760 952 1816 Dei
978 1758 1056 1828 fieri,
1082 1777 1120 1835 eo

67 1852 151 1924 quod
165 1852 280 1908 nesciat
296 1851 391 1907 homo
410 1868 513 1924 perse
531 1867 582 1920 es,
608 1868 684 1923 quae
708 1867 798 1922 supra
816 1866 848 1905 se
865 1859 950 1916 sunt,
971 1850 1033 1905 hoc
1055 1860 1120 1924 est,

68 1941 141 2013 quid
156 1941 245 1999 Deus
260 1943 348 2010 velit,
365 1942 422 1999 nisi
440 1957 495 1999 suo
513 1942 607 1997 verbo
625 1957 694 1998 sese
711 1940 866 2006 revelarit,
885 1939 964 1995 sicut
980 1940 1123 2004 inferiore

67 2030 361 2101 homneneniunt,
385 2032 456 2104 quid
471 2033 566 2087 homo
582 2032 671 2098 velit,
695 2030 752 2086 nisi
769 2030 853 2100 signo
871 2045 940 2086 sese
957 2029 1123 2086 ostenderit

67 2120 132 2190 eis,
157 2132 191 2178 ut
214 2121 428 2193 percutiendo,
453 2121 615 2189 frenando,
640 2120 766 2174 levando
789 2128 848 2174 etc.
886 2119 958 2174 Ideo
982 2118 1034 2174 hic
1058 2135 1121 2175 non

67 2211 140 2268 satis
154 2221 202 2269 est
218 2212 335 2280 dicere,
352 2228 412 2268 ron
430 2222 478 2268 est
494 2210 677 2283 prohibitum
690 2209 720 2264 in
732 2209 826 2264 sacris
838 2208 949 2276 literis,
963 2210 1017 2265 sed
1030 2225 1123 2282 opor,-

67 2309 112 2357 tet
128 2302 244 2368 dicere,
256 2303 318 2359 hoc
334 2310 383 2357 est
394 2300 575 2368 mendarum,
593 2301 652 2355 imo
664 2297 726 2355 hoc
739 2299 817 2370 ipso,
835 2315 895 2370 quo
907 2315 968 2354 non
981 2310 1028 2355 est
1038 2315 1120 2356 marr.

68 2391 188 2454 ditum.
212 2407 284 2448 vere
307 2400 353 2449 est
375 2390 567 2465 prohibitum.
602 2391 679 2466 Quia
702 2407 762 2445 non
784 2390 856 2445 licet
878 2389 1032 2444 hominem
1049 2404 1119 2453 sese

67 2497 174 2552 regere
198 2498 290 2557 supra
310 2497 361 2548 se,
386 2482 437 2541 ubi
460 2481 554 2537 solius
573 2480 632 2537 Dei
656 2487 701 2534 est
721 2495 843 2549 regere,
867 2476 929 2533 hoc
952 2479 1031 2534 enim
1050 2479 1120 2552 ipso

67 2581 185 2639 errogst
209 2572 263 2627 sibi
291 2573 393 2627 sedem
416 2571 476 2627 Dei
499 2587 570 2626 cum
593 2570 756 2634 Lucisew,
784 2580 813 2623 et
840 2585 909 2622 cum
934 2569 1029 2623 Adam
1054 2571 1120 2628 vult

68 2662 202 2734 aequalis
220 2675 286 2717 esse
298 2663 382 2718 Deo.
416 2662 483 2717 Hoc
501 2671 564 2729 est,
586 2661 668 2732 quod
685 2661 714 2722 in
730 2659 842 2726 Mose,
867 2659 917 2712 ubi
935 2675 969 2713 ea
986 2658 1048 2714 fieri
1066 2661 1119 2715 de.

67 2750 159 2819 beot,
178 2767 253 2822 quae
268 2752 303 2806 ed
321 2751 423 2808 Deum
439 2751 603 2822 pertinent,
620 2749 708 2804 toties
725 2747 952 2815 verbosissime,
969 2750 1023 2804 sed
1036 2765 1118 2823 sum.

66 2857 115 2896 rna
132 2841 310 2899 necessitate
327 2851 513 2912 repetuntur:
532 2839 674 2894 Locutus
690 2844 737 2892 est
752 2837 928 2905 Dominus,
946 2838 1031 2894 dixit
1044 2839 1116 2895 Do.

64 2930 191 2999 minus,
214 2930 261 2988 ric
275 2930 446 3031 praecepit.
455 2929 631 3030 Dominus,
657 2926 702 2983 sic
718 2919 746 2991 ⁴)
762 2927 929 3030 nrondavit
935 2928 1115 3031 Dominus.

64 3109 161 3167 Deut.
178 3110 251 3167 ΧΠ.
269 3110 391 3166 dicitur:
410 3110 488 3163 Non
495 3105 609 3177 jacias
625 3107 767 3162 Domino
783 3106 853 3162 Deo
870 3114 939 3175 tuo,
957 3108 1043 3180 quod
1057 3105 1114 3165 tibi

64 3208 186 3260 rectum
203 3200 336 3256 videtur.
353 3192 380 3264 ⁶)
413 3199 462 3254 Sic
480 3197 585 3253 Nadab
602 3206 632 3252 et
649 3195 749 3250 Abihu
765 3196 861 3252 exusti
880 3209 946 3253 sunt
964 3198 1028 3266 igne
1047 3198 1115 3274 Do.

62 3291 154 3358 mini,
179 3291 260 3345 nullo
286 3303 409 3360 prorsus
433 3298 576 3357 peccato,
599 3285 656 3340 nisi
680 3287 761 3356 quod
785 3286 930 3357 optimum
955 3301 1031 3357 opus
1051 3306 1114 3345 non

61 3380 261 3452 praecipiente
276 3379 434 3446 Domino,
449 3389 479 3432 ιιι
496 3377 589 3431 Mose
607 3374 723 3442 scribit,
741 3376 886 3431 fecerunt.
919 3373 960 3429 Et
977 3376 1049 3447 quid
1066 3386 1114 3434 est

63 3471 202 3524 universa
216 3469 397 3541 Prophetis,
416 3468 468 3523 sed
486 3478 515 3521 et
531 3476 593 3522 tots
610 3466 775 3535 Scriptura,
791 3481 880 3536 quam
896 3482 934 3518 ne
951 3465 1112 3538 quicquam

62 3560 133 3616 boni
151 3560 291 3614 faciamus
308 3575 411 3613 coram
427 3558 516 3626 Deo,
535 3557 598 3612 sine
616 3565 700 3610 certo
717 3555 853 3610 mandato
871 3554 953 3611 Dei?
1097 3556 1101 3567 ¹

112 3733 133 3775 ι)
152 3727 211 3774 vtt.
230 3727 277 3773 hic.
326 3730 349 3778 2)
368 3727 426 3772 Vit.
448 3728 507 3772 fiunt
524 3722 730 3771 indiscriminatim
748 3727 796 3769 tam
814 3734 828 3767 a
845 3721 890 3780 piis
908 3734 976 3780 quam
992 3734 1006 3768 a
1020 3722 1107 3781 impiis.

61 3799 83 3851 ὃ)
102 3800 160 3847 vit.
180 3802 284 3846 docente
298 3800 394 3847 christo
409 3799 493 3845 ΜειιιΙι.
507 3799 537 3844 ν.
586 3799 608 3850 ι)
627 3797 684 3842 Vit.
699 3796 793 3842 locotus
807 3800 844 3842 est
857 3796 940 3852 Dort,
955 3796 1011 3841 item
1026 3809 1106 3854 praec.

60 3870 388 3930 oom.,et.x.oom.,ttem;
429 3872 562 3923 divitf-
573 3871 643 3930 Quin.
685 3867 1121 3928 6)Vit.†'Quasidiceret:l²acids

61 3942 173 3994 interiori
186 3951 243 4003 too,
258 3948 319 4004 quod
334 3946 376 3993 tihi
390 3949 481 3992 recturo
489 3945 598 3997 videtur.
612 3945 711 3990 sednon
722 3943 826 3991 Domino
836 3942 969 4002 superiori,
983 3943 1031 3991 imo
1040 3945 1107 3994 sinas

60 4015 189 4067 Dominum
203 4020 245 4067 tihi
259 4020 354 4077 ficere,
369 4019 432 4077 quod
445 4018 490 4065 ribi
503 4021 595 4066 rectum
607 4017 710 4065 videtur.
