<?xml version="1.0" encoding="UTF-8"?>
<!DOCTYPE html PUBLIC "-//W3C//DTD XHTML 1.0 Transitional//EN"
    "http://www.w3.org/TR/xhtml1/DTD/xhtml1-transitional.dtd">
<html xmlns="http://www.w3.org/1999/xhtml" xml:lang="en" lang="en">
 <head>
  <title>
</title>
<meta http-equiv="Content-Type" content="text/html;charset=utf-8" />
  <meta name='ocr-system' content='tesseract 3.04.00' />
  <meta name='ocr-capabilities' content='ocr_page ocr_carea ocr_par ocr_line ocrx_word'/>
</head>
<body>
  <div class='ocr_page' id='page_1' title='image "./briefesendschre03luthgoog/briefesendschre03luthgoog_0047.png"; bbox 0 0 2574 4724; ppageno 0'>
   <div class='ocr_carea' id='block_1_1' title="bbox 126 328 706 399">
    <p class='ocr_par' dir='ltr' id='par_1_1' title="bbox 126 328 706 399">
     <span class='ocr_line' id='line_1_1' title="bbox 126 328 706 399; baseline 0.003 -2"><span class='ocrx_word' id='word_1_1' title='bbox 126 328 168 399; x_wconf 75' lang='lat'>28</span> <span class='ocrx_word' id='word_1_2' title='bbox 568 329 572 338; x_wconf 80' lang='grc'>’</span> <span class='ocrx_word' id='word_1_3' title='bbox 617 334 706 399; x_wconf 79' lang='lat'>1521.</span> 
     </span>
    </p>
   </div>
   <div class='ocr_carea' id='block_1_2' title="bbox 74 478 1172 3610">
    <p class='ocr_par' dir='ltr' id='par_1_2' title="bbox 86 478 1171 1011">
     <span class='ocr_line' id='line_1_2' title="bbox 126 478 1169 563; baseline -0.003 -19"><span class='ocrx_word' id='word_1_4' title='bbox 126 491 215 563; x_wconf 90' lang='lat' dir='ltr'>plicet</span> <span class='ocrx_word' id='word_1_5' title='bbox 237 487 317 546; x_wconf 73' lang='lat' dir='ltr'>suas&#39;</span> <span class='ocrx_word' id='word_1_6' title='bbox 333 478 540 563; x_wconf 69' lang='lat' dir='ltr'><strong>blasphemias.</strong></span> <span class='ocrx_word' id='word_1_7' title='bbox 576 490 666 545; x_wconf 87' lang='lat' dir='ltr'>Plane</span> <span class='ocrx_word' id='word_1_8' title='bbox 688 490 783 544; x_wconf 89' lang='lat' dir='ltr'>malus</span> <span class='ocrx_word' id='word_1_9' title='bbox 802 480 920 562; x_wconf 83' lang='lat' dir='ltr'>spiritus</span> <span class='ocrx_word' id='word_1_10' title='bbox 944 495 1007 554; x_wconf 80' lang='lat' dir='ltr'>est,</span> <span class='ocrx_word' id='word_1_11' title='bbox 1031 487 1086 542; x_wconf 84' lang='lat' dir='ltr'>sed</span> <span class='ocrx_word' id='word_1_12' title='bbox 1107 478 1169 542; x_wconf 85' lang='lat' dir='ltr'>boe</span> 
     </span>
     <span class='ocr_line' id='line_1_3' title="bbox 125 579 1171 652; baseline -0.004 -19"><span class='ocrx_word' id='word_1_13' title='bbox 125 584 218 635; x_wconf 86' lang='lat' dir='ltr'>dnum</span> <span class='ocrx_word' id='word_1_14' title='bbox 237 582 320 636; x_wconf 88' lang='lat' dir='ltr'>deest</span> <span class='ocrx_word' id='word_1_15' title='bbox 337 598 406 636; x_wconf 87' lang='lat' dir='ltr'>suae</span> <span class='ocrx_word' id='word_1_16' title='bbox 424 581 565 647; x_wconf 75' lang='lat' dir='ltr'>malitiae,</span> <span class='ocrx_word' id='word_1_17' title='bbox 582 582 662 652; x_wconf 91' lang='lat' dir='ltr'>quod</span> <span class='ocrx_word' id='word_1_18' title='bbox 681 581 837 645; x_wconf 83' lang='lat' dir='ltr'>stolidum,</span> <span class='ocrx_word' id='word_1_19' title='bbox 855 579 1005 650; x_wconf 85' lang='lat' dir='ltr'>stupidum</span> <span class='ocrx_word' id='word_1_20' title='bbox 1023 588 1053 634; x_wconf 88' lang='lat' dir='ltr'>et</span> <span class='ocrx_word' id='word_1_21' title='bbox 1070 579 1171 633; x_wconf 89' lang='lat' dir='ltr'>indoc.</span> 
     </span>
     <span class='ocr_line' id='line_1_4' title="bbox 124 669 1170 741; baseline -0.003 -16"><span class='ocrx_word' id='word_1_22' title='bbox 124 680 188 725; x_wconf 89' lang='lat' dir='ltr'>tum</span> <span class='ocrx_word' id='word_1_23' title='bbox 206 687 257 725; x_wconf 87' lang='lat' dir='ltr'>vas</span> <span class='ocrx_word' id='word_1_24' title='bbox 275 671 392 725; x_wconf 78' lang='lat' dir='ltr'>obsidet</span> <span class='ocrx_word' id='word_1_25' title='bbox 415 682 444 725; x_wconf 88' lang='lat' dir='ltr'>et</span> <span class='ocrx_word' id='word_1_26' title='bbox 461 680 602 741; x_wconf 89' lang='lat' dir='ltr'>occupat:</span> <span class='ocrx_word' id='word_1_27' title='bbox 632 685 796 741; x_wconf 79' lang='lat' dir='ltr'>quanquam</span> <span class='ocrx_word' id='word_1_28' title='bbox 823 669 954 740; x_wconf 86' lang='lat' dir='ltr'>etipse,</span> <span class='ocrx_word' id='word_1_29' title='bbox 982 669 1170 738; x_wconf 86' lang='lat' dir='ltr'>quantumvis</span> 
     </span>
     <span class='ocr_line' id='line_1_5' title="bbox 124 754 1171 830; baseline -0.005 -15"><span class='ocrx_word' id='word_1_30' title='bbox 124 776 270 830; x_wconf 82' lang='lat' dir='ltr'>nequam,</span> <span class='ocrx_word' id='word_1_31' title='bbox 294 777 350 815; x_wconf 86' lang='lat' dir='ltr'>suo</span> <span class='ocrx_word' id='word_1_32' title='bbox 368 761 473 814; x_wconf 75' lang='lat' dir='ltr'>furenti</span> <span class='ocrx_word' id='word_1_33' title='bbox 490 760 600 830; x_wconf 88' lang='lat' dir='ltr'>impetu</span> <span class='ocrx_word' id='word_1_34' title='bbox 618 759 688 813; x_wconf 90' lang='lat' dir='ltr'>satis</span> <span class='ocrx_word' id='word_1_35' title='bbox 706 754 853 823; x_wconf 80' lang='lat' dir='ltr'>declaret,</span> <span class='ocrx_word' id='word_1_36' title='bbox 878 774 966 828; x_wconf 91' lang='lat' dir='ltr'>quam</span> <span class='ocrx_word' id='word_1_37' title='bbox 989 757 1028 812; x_wconf 90' lang='lat' dir='ltr'>sit</span> <span class='ocrx_word' id='word_1_38' title='bbox 1044 757 1171 811; x_wconf 88' lang='lat' dir='ltr'>circum.</span> 
     </span>
     <span class='ocr_line' id='line_1_6' title="bbox 124 848 1169 921; baseline -0.003 -17"><span class='ocrx_word' id='word_1_39' title='bbox 124 851 252 921; x_wconf 86' lang='lat' dir='ltr'>scriptus</span> <span class='ocrx_word' id='word_1_40' title='bbox 271 850 443 921; x_wconf 84' lang='lat' dir='ltr'>Scripturis,</span> <span class='ocrx_word' id='word_1_41' title='bbox 460 861 488 904; x_wconf 90' lang='lat' dir='ltr'>ct</span> <span class='ocrx_word' id='word_1_42' title='bbox 507 849 575 903; x_wconf 88' lang='lat' dir='ltr'>nihil</span> <span class='ocrx_word' id='word_1_43' title='bbox 587 848 715 915; x_wconf 86' lang='lat' dir='ltr'>lrabeat,</span> <span class='ocrx_word' id='word_1_44' title='bbox 732 849 813 919; x_wconf 91' lang='lat' dir='ltr'>quod</span> <span class='ocrx_word' id='word_1_45' title='bbox 830 849 925 919; x_wconf 85' lang='lat' dir='ltr'>possit</span> <span class='ocrx_word' id='word_1_46' title='bbox 942 864 996 917; x_wconf 91' lang='lat' dir='ltr'>pro</span> <span class='ocrx_word' id='word_1_47' title='bbox 1009 863 1169 916; x_wconf 81' lang='lat' dir='ltr'>regnosuo</span> 
     </span>
     <span class='ocr_line' id='line_1_7' title="bbox 86 937 1171 1011; baseline -0.002 -18"><span class='ocrx_word' id='word_1_48' title='bbox 86 978 88 985; x_wconf 27' lang='grc' dir='ltr'><strong><em>ι</em></strong></span> <span class='ocrx_word' id='word_1_49' title='bbox 123 939 353 1011; x_wconf 80' lang='lat' dir='ltr'>it&#39;rPaprnsibus</span> <span class='ocrx_word' id='word_1_50' title='bbox 371 940 456 1008; x_wconf 85' lang='lat' dir='ltr'>digne</span> <span class='ocrx_word' id='word_1_51' title='bbox 472 939 648 1011; x_wconf 89' lang='lat' dir='ltr'>producere.</span> <span class='ocrx_word' id='word_1_52' title='bbox 684 939 777 1010; x_wconf 89' lang='lat' dir='ltr'>ldque</span> <span class='ocrx_word' id='word_1_53' title='bbox 795 938 875 993; x_wconf 89' lang='lat' dir='ltr'>dolet</span> <span class='ocrx_word' id='word_1_54' title='bbox 894 937 1013 992; x_wconf 87' lang='lat' dir='ltr'>Satanae</span> <span class='ocrx_word' id='word_1_55' title='bbox 1031 937 1090 992; x_wconf 86' lang='lat' dir='ltr'>isti.</span> <span class='ocrx_word' id='word_1_56' title='bbox 1166 955 1171 968; x_wconf 92' lang='lat'><strong>·</strong></span> 
     </span>
    </p>

    <p class='ocr_par' dir='ltr' id='par_1_3' title="bbox 119 1026 1172 1552">
     <span class='ocr_line' id='line_1_8' title="bbox 191 1026 1171 1102; baseline -0.001 -21"><span class='ocrx_word' id='word_1_57' title='bbox 191 1029 283 1102; x_wconf 70' lang='lat' dir='ltr'>Quod</span> <span class='ocrx_word' id='word_1_58' title='bbox 299 1029 383 1094; x_wconf 91' lang='lat' dir='ltr'>dico,</span> <span class='ocrx_word' id='word_1_59' title='bbox 405 1039 437 1082; x_wconf 91' lang='lat' dir='ltr'>ut</span> <span class='ocrx_word' id='word_1_60' title='bbox 455 1029 551 1082; x_wconf 89' lang='lat' dir='ltr'>animo</span> <span class='ocrx_word' id='word_1_61' title='bbox 570 1039 755 1083; x_wconf 86' lang='lat' dir='ltr'>contemtore</span> <span class='ocrx_word' id='word_1_62' title='bbox 783 1037 811 1082; x_wconf 91' lang='lat' dir='ltr'>et</span> <span class='ocrx_word' id='word_1_63' title='bbox 827 1039 932 1099; x_wconf 86' lang='lat' dir='ltr'>pacato</span> <span class='ocrx_word' id='word_1_64' title='bbox 958 1028 986 1081; x_wconf 91' lang='lat' dir='ltr'>in</span> <span class='ocrx_word' id='word_1_65' title='bbox 1012 1042 1081 1080; x_wconf 90' lang='lat' dir='ltr'>eum</span> <span class='ocrx_word' id='word_1_66' title='bbox 1099 1026 1171 1081; x_wconf 66' lang='lat' dir='ltr'>serio</span> 
     </span>
     <span class='ocr_line' id='line_1_9' title="bbox 121 1109 1170 1188; baseline -0.001 -17"><span class='ocrx_word' id='word_1_67' title='bbox 121 1116 217 1182; x_wconf 87' lang='lat' dir='ltr'>batis,</span> <span class='ocrx_word' id='word_1_68' title='bbox 239 1109 294 1171; x_wconf 83' lang='lat' dir='ltr'>nec</span> <span class='ocrx_word' id='word_1_69' title='bbox 318 1117 422 1172; x_wconf 89' lang='lat' dir='ltr'>irritari</span> <span class='ocrx_word' id='word_1_70' title='bbox 439 1134 494 1172; x_wconf 85' lang='lat' dir='ltr'>ros</span> <span class='ocrx_word' id='word_1_71' title='bbox 513 1118 631 1183; x_wconf 88' lang='lat' dir='ltr'>sinatis,</span> <span class='ocrx_word' id='word_1_72' title='bbox 658 1118 741 1188; x_wconf 89' lang='lat' dir='ltr'>quasi</span> <span class='ocrx_word' id='word_1_73' title='bbox 759 1117 787 1171; x_wconf 92' lang='lat' dir='ltr'>in</span> <span class='ocrx_word' id='word_1_74' title='bbox 805 1116 968 1171; x_wconf 89' lang='lat' dir='ltr'>hominem.</span> <span class='ocrx_word' id='word_1_75' title='bbox 1002 1115 1070 1171; x_wconf 86' lang='lat' dir='ltr'>Hoc</span> <span class='ocrx_word' id='word_1_76' title='bbox 1091 1116 1170 1170; x_wconf 88' lang='lat' dir='ltr'>enim</span> 
     </span>
     <span class='ocr_line' id='line_1_10' title="bbox 123 1206 1172 1278; baseline -0.004 -16"><span class='ocrx_word' id='word_1_77' title='bbox 123 1216 276 1262; x_wconf 88' lang='lat' dir='ltr'>contemtu</span> <span class='ocrx_word' id='word_1_78' title='bbox 293 1209 353 1276; x_wconf 87' lang='lat' dir='ltr'>(sic</span> <span class='ocrx_word' id='word_1_79' title='bbox 371 1219 486 1272; x_wconf 88' lang='lat' dir='ltr'>tamen,</span> <span class='ocrx_word' id='word_1_80' title='bbox 505 1211 544 1273; x_wconf 72' lang='lat' dir='ltr'>{ut</span> <span class='ocrx_word' id='word_1_81' title='bbox 561 1206 744 1262; x_wconf 72' lang='lat' dir='ltr'>irrisionibus</span> <span class='ocrx_word' id='word_1_82' title='bbox 763 1224 831 1260; x_wconf 90' lang='lat' dir='ltr'>eum</span> <span class='ocrx_word' id='word_1_83' title='bbox 847 1206 1019 1278; x_wconf 87' lang='lat' dir='ltr'>provocetis</span> <span class='ocrx_word' id='word_1_84' title='bbox 1048 1217 1078 1261; x_wconf 88' lang='lat' dir='ltr'>et</span> <span class='ocrx_word' id='word_1_85' title='bbox 1099 1207 1172 1260; x_wconf 85' lang='lat' dir='ltr'>stul.</span> 
     </span>
     <span class='ocr_line' id='line_1_11' title="bbox 120 1290 1169 1368; baseline -0.002 -15"><span class='ocrx_word' id='word_1_86' title='bbox 120 1298 199 1353; x_wconf 82' lang='lat' dir='ltr'>driae</span> <span class='ocrx_word' id='word_1_87' title='bbox 222 1297 363 1366; x_wconf 74' lang='lat' dir='ltr'>arguatis)</span> <span class='ocrx_word' id='word_1_88' title='bbox 381 1298 589 1353; x_wconf 77' lang='lat' dir='ltr'>incredibiliter</span> <span class='ocrx_word' id='word_1_89' title='bbox 606 1298 751 1353; x_wconf 85' lang='lat' dir='ltr'>irritabitis</span> <span class='ocrx_word' id='word_1_90' title='bbox 770 1294 800 1352; x_wconf 63' lang='lat' dir='ltr'>rb</span> <span class='ocrx_word' id='word_1_91' title='bbox 816 1297 982 1352; x_wconf 88' lang='lat' dir='ltr'>cruciabitis</span> <span class='ocrx_word' id='word_1_92' title='bbox 1001 1290 1169 1368; x_wconf 81' lang='lat' dir='ltr'>superbiam</span> 
     </span>
     <span class='ocr_line' id='line_1_12' title="bbox 122 1387 1169 1461; baseline -0.001 -18"><span class='ocrx_word' id='word_1_93' title='bbox 122 1389 324 1460; x_wconf 82' lang='lat' dir='ltr'>superbissimi</span> <span class='ocrx_word' id='word_1_94' title='bbox 343 1390 480 1461; x_wconf 87' lang='lat' dir='ltr'>spiritus,</span> <span class='ocrx_word' id='word_1_95' title='bbox 497 1401 530 1442; x_wconf 93' lang='lat' dir='ltr'>ut</span> <span class='ocrx_word' id='word_1_96' title='bbox 546 1389 639 1443; x_wconf 88' lang='lat' dir='ltr'>multo</span> <span class='ocrx_word' id='word_1_97' title='bbox 657 1389 757 1460; x_wconf 85' lang='lat' dir='ltr'>plures</span> <span class='ocrx_word' id='word_1_98' title='bbox 775 1388 812 1443; x_wconf 91' lang='lat' dir='ltr'>sit</span> <span class='ocrx_word' id='word_1_99' title='bbox 830 1388 1012 1442; x_wconf 82' lang='lat' dir='ltr'>evomitums</span> <span class='ocrx_word' id='word_1_100' title='bbox 1031 1387 1169 1460; x_wconf 75' lang='lat' dir='ltr'>blaspbe-</span> 
     </span>
     <span class='ocr_line' id='line_1_13' title="bbox 119 1481 619 1552; baseline -0.002 -17"><span class='ocrx_word' id='word_1_101' title='bbox 119 1481 214 1547; x_wconf 88' lang='lat' dir='ltr'>mias,</span> <span class='ocrx_word' id='word_1_102' title='bbox 231 1490 260 1536; x_wconf 90' lang='lat' dir='ltr'>et</span> <span class='ocrx_word' id='word_1_103' title='bbox 277 1498 309 1536; x_wconf 89' lang='lat' dir='ltr'>se</span> <span class='ocrx_word' id='word_1_104' title='bbox 327 1481 423 1552; x_wconf 88' lang='lat' dir='ltr'>ipsum</span> <span class='ocrx_word' id='word_1_105' title='bbox 440 1481 619 1551; x_wconf 72' lang='lat' dir='ltr'>proditurus.</span> 
     </span>
    </p>

    <p class='ocr_par' dir='ltr' id='par_1_4' title="bbox 102 1566 1168 2167">
     <span class='ocr_line' id='line_1_14' title="bbox 185 1566 1168 1641; baseline -0.002 -17"><span class='ocrx_word' id='word_1_106' title='bbox 185 1570 250 1636; x_wconf 70' lang='lat' dir='ltr'>ligo</span> <span class='ocrx_word' id='word_1_107' title='bbox 279 1572 302 1625; x_wconf 90' lang='lat' dir='ltr'>si</span> <span class='ocrx_word' id='word_1_108' title='bbox 325 1571 406 1641; x_wconf 90' lang='lat' dir='ltr'>prius</span> <span class='ocrx_word' id='word_1_109' title='bbox 432 1570 606 1634; x_wconf 81' lang='lat' dir='ltr'>scivissem,</span> <span class='ocrx_word' id='word_1_110' title='bbox 634 1585 702 1621; x_wconf 93' lang='lat' dir='ltr'>eum</span> <span class='ocrx_word' id='word_1_111' title='bbox 728 1585 795 1622; x_wconf 88' lang='lat' dir='ltr'>esse</span> <span class='ocrx_word' id='word_1_112' title='bbox 814 1566 974 1622; x_wconf 88' lang='lat' dir='ltr'>obsessum</span> <span class='ocrx_word' id='word_1_113' title='bbox 991 1567 1168 1634; x_wconf 89' lang='lat' dir='ltr'>daemonio,</span> 
     </span>
     <span class='ocr_line' id='line_1_15' title="bbox 120 1658 1168 1728; baseline -0.002 -16"><span class='ocrx_word' id='word_1_114' title='bbox 120 1660 235 1728; x_wconf 77' lang='lat' dir='ltr'>egregie</span> <span class='ocrx_word' id='word_1_115' title='bbox 253 1660 439 1712; x_wconf 86' lang='lat' dir='ltr'>daemonium</span> <span class='ocrx_word' id='word_1_116' title='bbox 457 1659 672 1726; x_wconf 77' lang='lat' dir='ltr'>exagitassem,</span> <span class='ocrx_word' id='word_1_117' title='bbox 691 1673 857 1728; x_wconf 85' lang='lat' dir='ltr'>quanquam</span> <span class='ocrx_word' id='word_1_118' title='bbox 874 1668 903 1712; x_wconf 85' lang='lat' dir='ltr'>et</span> <span class='ocrx_word' id='word_1_119' title='bbox 920 1658 963 1711; x_wconf 85' lang='lat' dir='ltr'>sic</span> <span class='ocrx_word' id='word_1_120' title='bbox 982 1658 1052 1712; x_wconf 87' lang='lat' dir='ltr'>satis</span> <span class='ocrx_word' id='word_1_121' title='bbox 1071 1658 1168 1726; x_wconf 80' lang='lat' dir='ltr'>exegi.</span> 
     </span>
     <span class='ocr_line' id='line_1_16' title="bbox 102 1748 1167 1821; baseline 0 -17"><span class='ocrx_word' id='word_1_122' title='bbox 102 1751 176 1804; x_wconf 42' lang='lat' dir='ltr'>*tavi</span> <span class='ocrx_word' id='word_1_123' title='bbox 194 1751 381 1821; x_wconf 85' lang='lat' dir='ltr'>imprudens:</span> <span class='ocrx_word' id='word_1_124' title='bbox 400 1749 451 1803; x_wconf 88' lang='lat' dir='ltr'>sed</span> <span class='ocrx_word' id='word_1_125' title='bbox 469 1749 518 1802; x_wconf 89' lang='lat' dir='ltr'>ubi</span> <span class='ocrx_word' id='word_1_126' title='bbox 534 1749 633 1803; x_wconf 83' lang='lat' dir='ltr'>Latine</span> <span class='ocrx_word' id='word_1_127' title='bbox 653 1749 815 1819; x_wconf 83' lang='lat' dir='ltr'>scripserit,</span> <span class='ocrx_word' id='word_1_128' title='bbox 832 1758 865 1802; x_wconf 91' lang='lat' dir='ltr'>ut</span> <span class='ocrx_word' id='word_1_129' title='bbox 881 1749 1034 1819; x_wconf 89' lang='lat' dir='ltr'>promittit,</span> <span class='ocrx_word' id='word_1_130' title='bbox 1052 1748 1167 1816; x_wconf 85' lang='lat' dir='ltr'>faciam,</span> 
     </span>
     <span class='ocr_line' id='line_1_17' title="bbox 119 1838 1168 1913; baseline 0.002 -21"><span class='ocrx_word' id='word_1_131' title='bbox 119 1841 200 1913; x_wconf 89' lang='lat' dir='ltr'>quod</span> <span class='ocrx_word' id='word_1_132' title='bbox 216 1841 347 1894; x_wconf 87' lang='lat' dir='ltr'>nondum</span> <span class='ocrx_word' id='word_1_133' title='bbox 365 1840 431 1893; x_wconf 85' lang='lat' dir='ltr'>feci.</span> <span class='ocrx_word' id='word_1_134' title='bbox 464 1839 553 1894; x_wconf 88' lang='lat' dir='ltr'>Visus</span> <span class='ocrx_word' id='word_1_135' title='bbox 572 1850 633 1893; x_wconf 88' lang='lat' dir='ltr'>erat</span> <span class='ocrx_word' id='word_1_136' title='bbox 648 1839 752 1893; x_wconf 81' lang='lat' dir='ltr'>Petrus</span> <span class='ocrx_word' id='word_1_137' title='bbox 766 1839 925 1892; x_wconf 82' lang='lat' dir='ltr'>Suavenius</span> <span class='ocrx_word' id='word_1_138' title='bbox 943 1838 1084 1897; x_wconf 80' lang='lat' dir='ltr'>idoneus:</span> <span class='ocrx_word' id='word_1_139' title='bbox 1101 1840 1168 1908; x_wconf 74' lang='lat' dir='ltr'>sed,</span> 
     </span>
     <span class='ocr_line' id='line_1_18' title="bbox 118 1929 1166 2002; baseline 0.003 -19"><span class='ocrx_word' id='word_1_140' title='bbox 118 1931 184 2002; x_wconf 92' lang='lat' dir='ltr'>quia</span> <span class='ocrx_word' id='word_1_141' title='bbox 211 1943 293 1985; x_wconf 87' lang='lat' dir='ltr'>autea</span> <span class='ocrx_word' id='word_1_142' title='bbox 316 1940 458 1986; x_wconf 88' lang='lat' dir='ltr'>tractatus</span> <span class='ocrx_word' id='word_1_143' title='bbox 476 1940 520 1984; x_wconf 86' lang='lat' dir='ltr'>est</span> <span class='ocrx_word' id='word_1_144' title='bbox 549 1929 794 2000; x_wconf 86' lang='lat' dir='ltr'>aLipscnsibus,</span> <span class='ocrx_word' id='word_1_145' title='bbox 824 1947 884 1983; x_wconf 89' lang='lat' dir='ltr'>uon</span> <span class='ocrx_word' id='word_1_146' title='bbox 901 1930 1017 1984; x_wconf 87' lang='lat' dir='ltr'>videtur</span> <span class='ocrx_word' id='word_1_147' title='bbox 1032 1929 1166 1987; x_wconf 85' lang='lat' dir='ltr'>Diabolo</span> 
     </span>
     <span class='ocr_line' id='line_1_19' title="bbox 118 2019 1165 2093; baseline 0 -17"><span class='ocrx_word' id='word_1_148' title='bbox 118 2021 210 2076; x_wconf 90' lang='lat' dir='ltr'>danda</span> <span class='ocrx_word' id='word_1_149' title='bbox 227 2022 335 2075; x_wconf 84' lang='lat' dir='ltr'>veteris</span> <span class='ocrx_word' id='word_1_150' title='bbox 352 2021 459 2075; x_wconf 86' lang='lat' dir='ltr'>furoris</span> <span class='ocrx_word' id='word_1_151' title='bbox 476 2021 595 2074; x_wconf 89' lang='lat' dir='ltr'>occasio</span> <span class='ocrx_word' id='word_1_152' title='bbox 613 2021 642 2074; x_wconf 89' lang='lat' dir='ltr'>in</span> <span class='ocrx_word' id='word_1_153' title='bbox 654 2020 731 2073; x_wconf 85' lang='lat' dir='ltr'>euni.</span> <span class='ocrx_word' id='word_1_154' title='bbox 766 2019 844 2092; x_wconf 78' lang='lat' dir='ltr'>Quia</span> <span class='ocrx_word' id='word_1_155' title='bbox 859 2020 981 2074; x_wconf 90' lang='lat' dir='ltr'>omniuo</span> <span class='ocrx_word' id='word_1_156' title='bbox 994 2021 1165 2093; x_wconf 81' lang='lat' dir='ltr'>exemplum</span> 
     </span>
     <span class='ocr_line' id='line_1_20' title="bbox 116 2109 839 2167; baseline -0.004 0"><span class='ocrx_word' id='word_1_157' title='bbox 116 2109 179 2167; x_wconf 83' lang='lat' dir='ltr'>hoc</span> <span class='ocrx_word' id='word_1_158' title='bbox 195 2112 345 2167; x_wconf 85' lang='lat' dir='ltr'>cavillator</span> <span class='ocrx_word' id='word_1_159' title='bbox 361 2112 486 2166; x_wconf 88' lang='lat' dir='ltr'>daemon</span> <span class='ocrx_word' id='word_1_160' title='bbox 507 2112 536 2165; x_wconf 93' lang='lat' dir='ltr'>in</span> <span class='ocrx_word' id='word_1_161' title='bbox 553 2128 622 2166; x_wconf 90' lang='lat' dir='ltr'>eum</span> <span class='ocrx_word' id='word_1_162' title='bbox 639 2110 839 2165; x_wconf 87' lang='lat' dir='ltr'>resuscitaret.</span> 
     </span>
    </p>

    <p class='ocr_par' dir='ltr' id='par_1_5' title="bbox 74 2198 1168 2813">
     <span class='ocr_line' id='line_1_21' title="bbox 183 2198 1164 2270; baseline -0.001 -15"><span class='ocrx_word' id='word_1_163' title='bbox 183 2201 361 2256; x_wconf 83' lang='lat' dir='ltr'>Benedictus</span> <span class='ocrx_word' id='word_1_164' title='bbox 381 2200 482 2263; x_wconf 86' lang='lat' dir='ltr'>Deus,</span> <span class='ocrx_word' id='word_1_165' title='bbox 506 2200 554 2270; x_wconf 92' lang='lat' dir='ltr'>qni</span> <span class='ocrx_word' id='word_1_166' title='bbox 573 2198 659 2254; x_wconf 86' lang='lat' dir='ltr'>nobis</span> <span class='ocrx_word' id='word_1_167' title='bbox 677 2215 743 2252; x_wconf 88' lang='lat' dir='ltr'>eam</span> <span class='ocrx_word' id='word_1_168' title='bbox 759 2217 819 2253; x_wconf 91' lang='lat' dir='ltr'>non</span> <span class='ocrx_word' id='word_1_169' title='bbox 838 2199 937 2254; x_wconf 92' lang='lat' dir='ltr'>solum</span> <span class='ocrx_word' id='word_1_170' title='bbox 962 2199 1043 2255; x_wconf 84' lang='lat' dir='ltr'>dedit</span> <span class='ocrx_word' id='word_1_171' title='bbox 1069 2200 1164 2255; x_wconf 76' lang='lat' dir='ltr'>collu-</span> 
     </span>
     <span class='ocr_line' id='line_1_22' title="bbox 74 2289 1164 2361; baseline 0 -15"><span class='ocrx_word' id='word_1_172' title='bbox 74 2324 76 2328; x_wconf 94' lang='lat'>·</span> <span class='ocrx_word' id='word_1_173' title='bbox 116 2291 275 2346; x_wconf 86' lang='lat' dir='ltr'>clationem</span> <span class='ocrx_word' id='word_1_174' title='bbox 284 2292 426 2345; x_wconf 85' lang='lat' dir='ltr'>adversus</span> <span class='ocrx_word' id='word_1_175' title='bbox 439 2290 594 2361; x_wconf 85' lang='lat' dir='ltr'>spiritualia</span> <span class='ocrx_word' id='word_1_176' title='bbox 607 2289 764 2360; x_wconf 84' lang='lat' dir='ltr'>nequitiae,</span> <span class='ocrx_word' id='word_1_177' title='bbox 782 2290 902 2360; x_wconf 88' lang='lat' dir='ltr'>insuper</span> <span class='ocrx_word' id='word_1_178' title='bbox 915 2289 1053 2344; x_wconf 85' lang='lat' dir='ltr'>revelavit</span> <span class='ocrx_word' id='word_1_179' title='bbox 1065 2290 1164 2358; x_wconf 88' lang='lat' dir='ltr'>nobis,</span> 
     </span>
     <span class='ocr_line' id='line_1_23' title="bbox 115 2372 1164 2451; baseline 0.001 -15"><span class='ocrx_word' id='word_1_180' title='bbox 115 2400 176 2436; x_wconf 91' lang='lat' dir='ltr'>non</span> <span class='ocrx_word' id='word_1_181' title='bbox 194 2398 260 2435; x_wconf 86' lang='lat' dir='ltr'>esse</span> <span class='ocrx_word' id='word_1_182' title='bbox 279 2397 398 2434; x_wconf 88' lang='lat' dir='ltr'>carnem</span> <span class='ocrx_word' id='word_1_183' title='bbox 416 2372 669 2447; x_wconf 76' lang='lat' dir='ltr'>aut&#39;sanguinem,</span> <span class='ocrx_word' id='word_1_184' title='bbox 686 2396 701 2432; x_wconf 84' lang='lat' dir='ltr'>a</span> <span class='ocrx_word' id='word_1_185' title='bbox 719 2377 826 2450; x_wconf 87' lang='lat' dir='ltr'>quibus</span> <span class='ocrx_word' id='word_1_186' title='bbox 845 2396 1048 2451; x_wconf 80' lang='lat' dir='ltr'>oppugnamur</span> <span class='ocrx_word' id='word_1_187' title='bbox 1065 2381 1094 2435; x_wconf 90' lang='lat' dir='ltr'>in</span> <span class='ocrx_word' id='word_1_188' title='bbox 1108 2382 1164 2437; x_wconf 76' lang='lat' dir='ltr'>iste</span> 
     </span>
     <span class='ocr_line' id='line_1_24' title="bbox 116 2469 1164 2545; baseline 0.002 -19"><span class='ocrx_word' id='word_1_189' title='bbox 116 2489 214 2527; x_wconf 88' lang='lat' dir='ltr'>causa.</span> <span class='ocrx_word' id='word_1_190' title='bbox 258 2471 358 2544; x_wconf 78' lang='lat' dir='ltr'>Quare</span> <span class='ocrx_word' id='word_1_191' title='bbox 381 2470 459 2524; x_wconf 85' lang='lat' dir='ltr'>fidite</span> <span class='ocrx_word' id='word_1_192' title='bbox 483 2480 512 2524; x_wconf 87' lang='lat' dir='ltr'>et</span> <span class='ocrx_word' id='word_1_193' title='bbox 538 2471 676 2537; x_wconf 76' lang='lat' dir='ltr'>gaudete:</span> <span class='ocrx_word' id='word_1_194' title='bbox 712 2469 782 2535; x_wconf 84' lang='lat' dir='ltr'>ille,</span> <span class='ocrx_word' id='word_1_195' title='bbox 812 2471 861 2542; x_wconf 92' lang='lat' dir='ltr'>qui</span> <span class='ocrx_word' id='word_1_196' title='bbox 884 2472 970 2541; x_wconf 88' lang='lat' dir='ltr'>ejecit</span> <span class='ocrx_word' id='word_1_197' title='bbox 993 2471 1164 2545; x_wconf 78' lang='lat' dir='ltr'>Principem</span> 
     </span>
     <span class='ocr_line' id='line_1_25' title="bbox 114 2560 1168 2633; baseline 0.001 -18"><span class='ocrx_word' id='word_1_198' title='bbox 114 2560 206 2631; x_wconf 89' lang='lat' dir='ltr'>hujus</span> <span class='ocrx_word' id='word_1_199' title='bbox 223 2561 323 2614; x_wconf 89' lang='lat' dir='ltr'>mundi</span> <span class='ocrx_word' id='word_1_200' title='bbox 340 2561 439 2626; x_wconf 79' lang='lat' dir='ltr'>foras,</span> <span class='ocrx_word' id='word_1_201' title='bbox 463 2577 523 2614; x_wconf 91' lang='lat' dir='ltr'>non</span> <span class='ocrx_word' id='word_1_202' title='bbox 540 2561 624 2615; x_wconf 86' lang='lat' dir='ltr'>timet</span> <span class='ocrx_word' id='word_1_203' title='bbox 641 2561 789 2630; x_wconf 84' lang='lat' dir='ltr'>ejectum,</span> <span class='ocrx_word' id='word_1_204' title='bbox 815 2578 905 2633; x_wconf 91' lang='lat' dir='ltr'>quem</span> <span class='ocrx_word' id='word_1_205' title='bbox 928 2564 1089 2619; x_wconf 85' lang='lat' dir='ltr'>contemsit</span> <span class='ocrx_word' id='word_1_206' title='bbox 1115 2564 1168 2633; x_wconf 87' lang='lat' dir='ltr'>eji.</span> 
     </span>
     <span class='ocr_line' id='line_1_26' title="bbox 116 2649 1165 2722; baseline 0.005 -18"><span class='ocrx_word' id='word_1_207' title='bbox 116 2651 270 2706; x_wconf 88' lang='lat' dir='ltr'>ciendum:</span> <span class='ocrx_word' id='word_1_208' title='bbox 288 2650 350 2720; x_wconf 86' lang='lat' dir='ltr'>ipse</span> <span class='ocrx_word' id='word_1_209' title='bbox 369 2659 478 2718; x_wconf 82' lang='lat' dir='ltr'>regnat,</span> <span class='ocrx_word' id='word_1_210' title='bbox 496 2659 524 2703; x_wconf 92' lang='lat' dir='ltr'>et</span> <span class='ocrx_word' id='word_1_211' title='bbox 542 2659 642 2717; x_wconf 79' lang='lat' dir='ltr'>regnet</span> <span class='ocrx_word' id='word_1_212' title='bbox 659 2651 688 2704; x_wconf 92' lang='lat' dir='ltr'>in</span> <span class='ocrx_word' id='word_1_213' title='bbox 701 2649 788 2706; x_wconf 88' lang='lat' dir='ltr'>nobis</span> <span class='ocrx_word' id='word_1_214' title='bbox 801 2649 1008 2722; x_wconf 84' lang='lat' dir='ltr'>peccatoribus</span> <span class='ocrx_word' id='word_1_215' title='bbox 1026 2662 1056 2708; x_wconf 90' lang='lat' dir='ltr'>et</span> <span class='ocrx_word' id='word_1_216' title='bbox 1067 2654 1165 2709; x_wconf 81' lang='lat' dir='ltr'>stultis</span> 
     </span>
     <span class='ocr_line' id='line_1_27' title="bbox 116 2741 956 2813; baseline 0.002 -18"><span class='ocrx_word' id='word_1_217' title='bbox 116 2741 197 2805; x_wconf 83' lang='lat' dir='ltr'>suis,</span> <span class='ocrx_word' id='word_1_218' title='bbox 216 2741 286 2793; x_wconf 88' lang='lat' dir='ltr'>dum</span> <span class='ocrx_word' id='word_1_219' title='bbox 304 2741 389 2794; x_wconf 87' lang='lat' dir='ltr'>Satan</span> <span class='ocrx_word' id='word_1_220' title='bbox 407 2741 475 2796; x_wconf 83' lang='lat' dir='ltr'>furit</span> <span class='ocrx_word' id='word_1_221' title='bbox 492 2741 519 2797; x_wconf 92' lang='lat' dir='ltr'>in</span> <span class='ocrx_word' id='word_1_222' title='bbox 539 2741 719 2813; x_wconf 86' lang='lat' dir='ltr'>sapientibus</span> <span class='ocrx_word' id='word_1_223' title='bbox 736 2752 766 2796; x_wconf 88' lang='lat' dir='ltr'>et</span> <span class='ocrx_word' id='word_1_224' title='bbox 778 2742 866 2810; x_wconf 88' lang='lat' dir='ltr'>justis</span> <span class='ocrx_word' id='word_1_225' title='bbox 885 2742 956 2797; x_wconf 86' lang='lat' dir='ltr'>suis.</span> 
     </span>
    </p>

    <p class='ocr_par' dir='ltr' id='par_1_6' title="bbox 112 2830 1167 3526">
     <span class='ocr_line' id='line_1_28' title="bbox 181 2830 1167 2904; baseline 0.004 -21"><span class='ocrx_word' id='word_1_226' title='bbox 181 2830 262 2900; x_wconf 90' lang='lat' dir='ltr'>Opto</span> <span class='ocrx_word' id='word_1_227' title='bbox 281 2845 345 2883; x_wconf 84' lang='lat' dir='ltr'>esse</span> <span class='ocrx_word' id='word_1_228' title='bbox 363 2847 439 2884; x_wconf 90' lang='lat' dir='ltr'>uuus</span> <span class='ocrx_word' id='word_1_229' title='bbox 457 2830 485 2885; x_wconf 89' lang='lat' dir='ltr'>in</span> <span class='ocrx_word' id='word_1_230' title='bbox 506 2830 644 2883; x_wconf 84' lang='lat' dir='ltr'>Hebraeis</span> <span class='ocrx_word' id='word_1_231' title='bbox 663 2830 840 2900; x_wconf 70' lang='lat' dir='ltr'>discipulus,</span> <span class='ocrx_word' id='word_1_232' title='bbox 866 2830 967 2901; x_wconf 82' lang='lat' dir='ltr'>sedet</span> <span class='ocrx_word' id='word_1_233' title='bbox 983 2830 1112 2904; x_wconf 86' lang='lat' dir='ltr'>Philippi</span> <span class='ocrx_word' id='word_1_234' title='bbox 1138 2833 1167 2887; x_wconf 87' lang='lat' dir='ltr'>iu</span> 
     </span>
     <span class='ocr_line' id='line_1_29' title="bbox 116 2912 1165 2990; baseline 0.006 -20"><span class='ocrx_word' id='word_1_235' title='bbox 116 2915 359 2973; x_wconf 80' lang='lat' dir='ltr'>Colossensibus.</span> <span class='ocrx_word' id='word_1_236' title='bbox 405 2917 505 2974; x_wconf 87' lang='lat' dir='ltr'>Gratia</span> <span class='ocrx_word' id='word_1_237' title='bbox 523 2919 663 2984; x_wconf 79' lang='lat' dir='ltr'>Christo,</span> <span class='ocrx_word' id='word_1_238' title='bbox 691 2919 739 2990; x_wconf 91' lang='lat' dir='ltr'>qui</span> <span class='ocrx_word' id='word_1_239' title='bbox 768 2912 952 2979; x_wconf 80' lang='lat' dir='ltr'>inenarrabili</span> <span class='ocrx_word' id='word_1_240' title='bbox 976 2920 1056 2976; x_wconf 90' lang='lat' dir='ltr'>dono</span> <span class='ocrx_word' id='word_1_241' title='bbox 1081 2921 1165 2976; x_wconf 83' lang='lat' dir='ltr'>verbi</span> 
     </span>
     <span class='ocr_line' id='line_1_30' title="bbox 115 3008 1165 3080; baseline 0.005 -18"><span class='ocrx_word' id='word_1_242' title='bbox 115 3008 160 3062; x_wconf 86' lang='lat' dir='ltr'>sui</span> <span class='ocrx_word' id='word_1_243' title='bbox 179 3009 221 3062; x_wconf 90' lang='lat' dir='ltr'>sic</span> <span class='ocrx_word' id='word_1_244' title='bbox 240 3025 296 3062; x_wconf 90' lang='lat' dir='ltr'>nos</span> <span class='ocrx_word' id='word_1_245' title='bbox 315 3008 511 3080; x_wconf 82' lang='lat' dir='ltr'>locupletavit.</span> <span class='ocrx_word' id='word_1_246' title='bbox 547 3009 613 3077; x_wconf 77' lang='lat' dir='ltr'>Ego</span> <span class='ocrx_word' id='word_1_247' title='bbox 633 3009 676 3063; x_wconf 88' lang='lat' dir='ltr'>sic</span> <span class='ocrx_word' id='word_1_248' title='bbox 688 3009 801 3077; x_wconf 80' lang='lat' dir='ltr'>gaudeo</span> <span class='ocrx_word' id='word_1_249' title='bbox 820 3011 856 3063; x_wconf 88' lang='lat' dir='ltr'>de</span> <span class='ocrx_word' id='word_1_250' title='bbox 868 3019 966 3065; x_wconf 86' lang='lat' dir='ltr'>vestra</span> <span class='ocrx_word' id='word_1_251' title='bbox 978 3009 1165 3080; x_wconf 80' lang='lat' dir='ltr'>abundantia,</span> 
     </span>
     <span class='ocr_line' id='line_1_31' title="bbox 113 3086 1165 3158; baseline 0.006 -6"><span class='ocrx_word' id='word_1_252' title='bbox 113 3107 146 3154; x_wconf 86' lang='lat' dir='ltr'>ul</span> <span class='ocrx_word' id='word_1_253' title='bbox 163 3099 316 3154; x_wconf 86' lang='lat' dir='ltr'>mitissime</span> <span class='ocrx_word' id='word_1_254' title='bbox 333 3086 424 3153; x_wconf 86' lang='lat' dir='ltr'>leram</span> <span class='ocrx_word' id='word_1_255' title='bbox 442 3099 602 3154; x_wconf 90' lang='lat' dir='ltr'>absentiam</span> <span class='ocrx_word' id='word_1_256' title='bbox 617 3100 685 3153; x_wconf 91' lang='lat' dir='ltr'>mei.</span> <span class='ocrx_word' id='word_1_257' title='bbox 720 3099 813 3154; x_wconf 86' lang='lat' dir='ltr'>Video</span> <span class='ocrx_word' id='word_1_258' title='bbox 840 3101 918 3154; x_wconf 89' lang='lat' dir='ltr'>euim</span> <span class='ocrx_word' id='word_1_259' title='bbox 940 3111 990 3154; x_wconf 78' lang='lat' dir='ltr'>me</span> <span class='ocrx_word' id='word_1_260' title='bbox 1016 3118 1076 3155; x_wconf 93' lang='lat' dir='ltr'>non</span> <span class='ocrx_word' id='word_1_261' title='bbox 1096 3119 1165 3158; x_wconf 85' lang='lat' dir='ltr'>csse</span> 
     </span>
     <span class='ocr_line' id='line_1_32' title="bbox 115 3188 1165 3261; baseline 0.005 -20"><span class='ocrx_word' id='word_1_262' title='bbox 115 3204 189 3259; x_wconf 88' lang='lat' dir='ltr'>opus</span> <span class='ocrx_word' id='word_1_263' title='bbox 207 3189 311 3257; x_wconf 88' lang='lat' dir='ltr'>vobis,</span> <span class='ocrx_word' id='word_1_264' title='bbox 337 3192 388 3243; x_wconf 85' lang='lat' dir='ltr'>sed</span> <span class='ocrx_word' id='word_1_265' title='bbox 413 3204 469 3242; x_wconf 84' lang='lat' dir='ltr'>vos</span> <span class='ocrx_word' id='word_1_266' title='bbox 496 3202 564 3241; x_wconf 83' lang='lat' dir='ltr'>csse</span> <span class='ocrx_word' id='word_1_267' title='bbox 582 3205 657 3259; x_wconf 91' lang='lat' dir='ltr'>opus</span> <span class='ocrx_word' id='word_1_268' title='bbox 674 3188 756 3242; x_wconf 86' lang='lat' dir='ltr'>milri.</span> <span class='ocrx_word' id='word_1_269' title='bbox 794 3189 865 3243; x_wconf 83' lang='lat' dir='ltr'>Vale</span> <span class='ocrx_word' id='word_1_270' title='bbox 888 3199 917 3244; x_wconf 91' lang='lat' dir='ltr'>et</span> <span class='ocrx_word' id='word_1_271' title='bbox 944 3207 999 3261; x_wconf 92' lang='lat' dir='ltr'>pro</span> <span class='ocrx_word' id='word_1_272' title='bbox 1028 3208 1076 3244; x_wconf 88' lang='lat' dir='ltr'>me</span> <span class='ocrx_word' id='word_1_273' title='bbox 1103 3209 1165 3247; x_wconf 87' lang='lat' dir='ltr'>ora.</span> 
     </span>
     <span class='ocr_line' id='line_1_33' title="bbox 112 3274 1167 3350; baseline 0.004 -18"><span class='ocrx_word' id='word_1_274' title='bbox 112 3274 164 3332; x_wconf 88' lang='lat' dir='ltr'>De</span> <span class='ocrx_word' id='word_1_275' title='bbox 193 3278 349 3332; x_wconf 83' lang='lat' dir='ltr'>Guntlrero</span> <span class='ocrx_word' id='word_1_276' title='bbox 379 3277 501 3348; x_wconf 88' lang='lat' dir='ltr'>Stupitio</span> <span class='ocrx_word' id='word_1_277' title='bbox 525 3277 639 3331; x_wconf 84' lang='lat' dir='ltr'>auditus</span> <span class='ocrx_word' id='word_1_278' title='bbox 664 3277 743 3331; x_wconf 85' lang='lat' dir='ltr'>venit</span> <span class='ocrx_word' id='word_1_279' title='bbox 770 3277 803 3330; x_wconf 88' lang='lat' dir='ltr'>ad</span> <span class='ocrx_word' id='word_1_280' title='bbox 827 3295 884 3332; x_wconf 91' lang='lat' dir='ltr'>nos</span> <span class='ocrx_word' id='word_1_281' title='bbox 908 3296 968 3333; x_wconf 87' lang='lat' dir='ltr'>non</span> <span class='ocrx_word' id='word_1_282' title='bbox 989 3279 1109 3350; x_wconf 87' lang='lat' dir='ltr'>placens</span> <span class='ocrx_word' id='word_1_283' title='bbox 1136 3291 1167 3336; x_wconf 90' lang='lat' dir='ltr'>et</span> 
     </span>
     <span class='ocr_line' id='line_1_34' title="bbox 114 3367 1165 3439; baseline 0.004 -17"><span class='ocrx_word' id='word_1_284' title='bbox 114 3368 225 3431; x_wconf 86' lang='lat' dir='ltr'>tristis,-</span> <span class='ocrx_word' id='word_1_285' title='bbox 247 3369 297 3420; x_wconf 85' lang='lat' dir='ltr'>sed</span> <span class='ocrx_word' id='word_1_286' title='bbox 324 3384 412 3439; x_wconf 88' lang='lat' dir='ltr'>spero</span> <span class='ocrx_word' id='word_1_287' title='bbox 437 3367 551 3420; x_wconf 86' lang='lat' dir='ltr'>inanem</span> <span class='ocrx_word' id='word_1_288' title='bbox 576 3385 651 3422; x_wconf 86' lang='lat' dir='ltr'>csse.</span> <span class='ocrx_word' id='word_1_289' title='bbox 686 3373 809 3423; x_wconf 84' lang='lat' dir='ltr'>Avertat</span> <span class='ocrx_word' id='word_1_290' title='bbox 828 3369 979 3423; x_wconf 79' lang='lat' dir='ltr'>Dominus</span> <span class='ocrx_word' id='word_1_291' title='bbox 1005 3370 1032 3424; x_wconf 91' lang='lat' dir='ltr'>id</span> <span class='ocrx_word' id='word_1_292' title='bbox 1056 3371 1126 3426; x_wconf 86' lang='lat' dir='ltr'>mali</span> <span class='ocrx_word' id='word_1_293' title='bbox 1148 3388 1165 3426; x_wconf 86' lang='lat' dir='ltr'>a</span> 
     </span>
     <span class='ocr_line' id='line_1_35' title="bbox 115 3455 1084 3526; baseline 0.002 -16"><span class='ocrx_word' id='word_1_294' title='bbox 115 3457 296 3526; x_wconf 72' lang='lat' dir='ltr'>(introiero,</span> <span class='ocrx_word' id='word_1_295' title='bbox 316 3461 421 3512; x_wconf 86' lang='lat' dir='ltr'>Amen.</span> <span class='ocrx_word' id='word_1_296' title='bbox 457 3456 507 3511; x_wconf 81' lang='lat' dir='ltr'>Ex</span> <span class='ocrx_word' id='word_1_297' title='bbox 525 3455 636 3511; x_wconf 86' lang='lat' dir='ltr'>Eremo</span> <span class='ocrx_word' id='word_1_298' title='bbox 653 3474 737 3525; x_wconf 90' lang='lat' dir='ltr'>mea,</span> <span class='ocrx_word' id='word_1_299' title='bbox 754 3475 831 3512; x_wconf 88' lang='lat' dir='ltr'>anno</span> <span class='ocrx_word' id='word_1_300' title='bbox 851 3457 1005 3514; x_wconf 81' lang='lat' dir='ltr'>bexl.</span> <span class='ocrx_word' id='word_1_301' title='bbox 1080 3493 1084 3500; x_wconf 95' lang='lat'>-</span> 
     </span>
    </p>

    <p class='ocr_par' dir='ltr' id='par_1_7' title="bbox 784 3547 1134 3610">
     <span class='ocr_line' id='line_1_36' title="bbox 784 3547 1134 3610; baseline 0.029 -10"><span class='ocrx_word' id='word_1_302' title='bbox 784 3562 790 3573; x_wconf 77' lang='lat'><strong>·</strong></span> <span class='ocrx_word' id='word_1_303' title='bbox 808 3547 955 3604; x_wconf 83' lang='lat' dir='ltr'>Martinus</span> <span class='ocrx_word' id='word_1_304' title='bbox 972 3548 1134 3610; x_wconf 82' lang='lat' dir='ltr'>Lutlrerua.</span> 
     </span>
    </p>
   </div>
   <div class='ocr_carea' id='block_1_3' title="bbox 0 0 1292 4724">
    <p class='ocr_par' dir='ltr' id='par_1_8' title="bbox 0 0 1292 4724">
     <span class='ocr_line' id='line_1_37' title="bbox 0 0 1292 4724; baseline 0 4"><span class='ocrx_word' id='word_1_305' title='bbox 0 0 1292 4724; x_wconf 95' lang='lat' dir='ltr'> </span> 
     </span>
    </p>
   </div>
  </div>
 </body>
</html>
