2574 4724
539 307 630 375 1522.
680 309 686 319 '
1051 304 1112 379 275

66 496 68 501 .
113 459 206 531 ‘Fuga
224 458 360 517 sabbathi
378 469 406 517 et
422 460 540 533 hyemis
557 462 644 518 nobis
661 462 886 535 proverbialiter
902 463 959 520 dici
977 472 1110 535 putatur,

59 569 98 607 ne
116 570 178 606 non
198 552 367 622 importune
379 554 402 618 ¹)
421 551 550 621 fugiant,
565 553 643 607 sicut
659 553 716 608 illis
728 555 764 608 in
781 552 926 630 sabbatho
944 571 1005 609 non
1016 553 1111 623 licuit,

62 654 92 697 st
109 643 218 713 hyeme
234 659 297 695 non
313 642 389 696 bene
407 641 448 696 fit.

128 731 187 786 Per
203 732 265 786 hoc
276 732 340 801 jam
358 732 500 800 solvitur,
524 732 604 804 quod
621 733 756 804 discipuli
774 735 898 789 credunt
916 742 982 789 ente
999 733 1113 805 passio.

57 837 130 877 rtem
147 837 216 874 eum
233 837 250 875 a
268 821 357 877 Patre
370 822 520 889 exivisse,
537 821 653 877 scilicet
665 822 721 877 lide
732 823 836 890 lactis,
854 823 906 878 sed
918 824 1113 879 resurrectio.

59 912 107 968 nis
125 913 248 981 gloriam
264 914 397 967 nondum
414 914 547 967 credunt.
1136 904 1139 912 ⁴

29 1005 32 1010 '
125 1001 219 1062 Exire
244 1017 259 1055 a
282 1000 389 1070 Patre,
415 1012 462 1056 est
483 1002 591 1056 Filium
608 1018 696 1063 carne
714 1001 810 1071 indui,
833 1012 863 1058 et
884 1005 914 1057 in
932 1004 1044 1059 mundo
1062 1021 1113 1077 ap.

65 1108 181 1165 parere.
624 1152 628 1160 ,

129 1179 326 1235 credentibus
343 1178 424 1250 signa
442 1180 529 1251 sequi
547 1178 623 1248 etei,
641 1189 755 1237 certum
768 1191 832 1250 est,
848 1184 872 1239 si
883 1198 958 1254 opus
969 1184 1015 1239 sit.
1048 1183 1112 1239 Ne.

63 1289 123 1343 que
140 1272 216 1326 enim
233 1270 372 1340 Apostoli
394 1270 538 1325 iaciebant
559 1272 668 1342 passim
692 1261 857 1340 ettamere
883 1275 982 1343 signa,
1007 1274 1060 1330 sed
1082 1276 1112 1330 in

47 1348 48 1352 ἵ
63 1361 241 1416 necessitate
257 1359 409 1429 Evangelii
425 1360 579 1427 fundandi,
597 1371 625 1415 et
641 1378 720 1416 nunc
738 1377 857 1434 quoque
866 1402 876 1430 ,
893 1365 918 1419 si
933 1381 1005 1419 vere
1017 1364 1113 1418 credi.

63 1467 149 1518 mus,
166 1450 319 1519 signorum
330 1459 509 1520 potestatem
520 1449 675 1504 habemus.
707 1451 786 1505 Nam
797 1467 889 1523 posse
901 1453 985 1522 signa
995 1456 1094 1508 facere
1100 1492 1111 1522 ,

63 1541 112 1594 ille
130 1549 230 1594 textus
248 1538 346 1592 solnm
363 1539 427 1605 dat,
444 1553 505 1594 non
516 1537 604 1607 jubet
621 1538 730 1594 facere.

131 1630 177 1684 Sic
193 1639 222 1683 et
239 1628 376 1698 Spiritum
393 1638 529 1683 sanctum
545 1640 720 1699 acceperunt
736 1642 803 1684 ante
819 1631 989 1700 passionem
1002 1642 1031 1685 et
1043 1641 1114 1702 post

62 1717 331 1784 resurrectionem,
356 1726 389 1770 ut
412 1732 502 1788 supra
527 1717 563 1770 de
588 1717 643 1771 lide
672 1728 701 1773 et
718 1719 852 1774 oratione
869 1719 946 1788 dixi,
970 1729 1058 1778 etlam
1074 1721 1112 1778 tle

62 1808 121 1864 hac
139 1826 171 1862 re
189 1817 273 1861 antea
289 1806 441 1878 respondi.

128 1883 312 1965 Evan'gelion
324 1895 405 1949 omni
418 1905 568 1949 creaturae
580 1895 766 1966 praedicare,
781 1905 827 1952 est
837 1897 931 1968 palam
942 1899 1112 1968 praedicare

64 1987 118 2043 toti
136 1988 258 2041 mundo.
291 1984 363 2038 Vide
381 2000 477 2038 meam
490 1983 647 2039 Postillam
660 1983 796 2056 Epistola
808 1986 901 2056 prima
915 1987 943 2056 in
954 1988 1113 2044 Nativitste

63 2078 186 2134 christi.
218 2075 306 2142 Vale,
324 2074 574 2145 occupatissimus
590 2074 668 2130 enim
685 2091 762 2131 sum.
796 2075 960 2133 MDXXII.

166 2200 169 2205 >
327 2239 328 2242 Ἴ
641 2246 642 2249 ¹
687 2173 729 2229 Τ.
747 2172 896 2230 Martinus
914 2175 1079 2236 Lutherus.

129 2289 286 2357 Obsecro,
300 2289 406 2358 jrrves,
424 2286 505 2358 quod
521 2286 570 2341 bic
585 2285 782 2342 Wenceslaus
799 2287 889 2356 petit,
904 2299 937 2343 ut
955 2289 982 2342 in
1001 2288 1111 2361 Grym.

63 2381 122 2436 mis
147 2388 282 2434 arceatur
305 2377 397 2434 libido
421 2377 567 2430 malorum
590 2372 825 2431 Christianorum
844 2386 1035 2447 nostrorum,
1059 2379 1109 2452 qui

63 2472 131 2527 solo
147 2477 297 2526 contemtu
312 2464 531 2539 superstitionis
548 2466 652 2519 volunt
670 2465 828 2520 Christiani
844 2481 921 2524 esse.

98 2733 196 2839 stn't
213 2773 350 2836 satan.
782 2862 789 2877 ἢ
827 2776 879 2832 No.
897 2777 1075 2834 occentu.

440 2924 724 3000 sletstatinus.

111 3086 275 3136 sirrnmsuntt
289 3084 327 3130 fiir
345 3083 379 3129 Μ,
391 3083 543 3134 stannatum
561 3083 653 3131 natorr
671 3092 701 3127 nn
720 3082 754 3128 tir
772 3083 849 3132 staur
866 3082 904 3129 trs
922 3082 949 3127 D.
964 3082 1107 3136 annurtiant

64 3161 155 3212 eburi
165 3170 191 3210 su
205 3165 279 3203 rrrtru
292 3158 399 3207 nutriuit.

90 3347 141 3397 ω
154 3346 238 3390 Budd.
253 3357 276 3401 p.
289 3345 322 3391 ¹1⁰.
336 3343 393 3396 assi.
408 3341 466 3386 Coti.
480 3341 533 3386 Jen.
548 3354 582 3394 ις
597 3342 613 3386 l.
627 3343 672 3390 Zil.
691 3342 789 3394 Qtutlds
803 3344 843 3394 ltu
857 3337 950 3394 {baldi
962 3344 1025 3391 xxi.
1038 3346 1085 3394 sta.

80 3478 146 3531 Suo
164 3477 200 3531 ira
217 3475 356 3530 Domino
374 3473 545 3545 spalatino
564 3472 718 3545 Georqio,
744 3473 971 3546 Evnnqelistae
988 3475 1093 3533 aulico
1131 3450 1133 3463 ,

498 3562 672 3616 saxoniae,

65 3678 180 3777 Gratia
206 3732 234 3775 et
262 3736 329 3791 pax.
371 3720 452 3774 Alias
478 3719 551 3784 alia,
577 3712 654 3771 nrinc
679 3718 801 3771 festinus
828 3717 981 3774 festinatus
1007 3719 1109 3775 festina

65 3813 178 3869 scrib0.
213 3811 275 3865 Res
293 3819 356 3876 est,
381 3809 424 3863 D.
442 3807 624 3878 Augustinus
640 3806 771 3862 medicus
789 3808 903 3875 (audio)
920 3809 1109 3867 discessurus

65 3921 113 3939 .-

115 3984 136 4033 i)
150 3981 176 4025 B.
192 3979 259 4027 Cod,
272 3978 293 4022 J.
309 3980 452 4034 opportune.
