2574 4724
176 321 240 397 no
656 327 751 400 asu.
820 415 823 422 ,

178 513 185 528 .
243 487 336 564 Quod
352 488 497 562 probatur
513 490 578 556 sic,
596 490 662 563 quia
680 492 792 548 dictum
811 497 874 557 est,
898 486 979 562 quod
996 489 1074 556 vita,
1099 486 1243 562 aptatam,

69 612 73 620 ·
176 579 258 636 salua
284 589 313 635 et
337 580 436 636 omnia
464 580 541 636 bona
564 580 721 636 Ecclesiae
746 580 868 636 veniunt
893 597 932 637 ex
955 580 1021 636 solo
1039 579 1169 637 Christo
1186 599 1241 654 pet

175 668 303 727 verbum
320 667 474 738 Evangelii
491 671 660 741 praedicato
682 680 712 726 at
736 688 790 742 per
812 668 902 725 fidem
925 668 1056 746 credito:
1084 686 1163 738 ergo
1178 685 1241 727 nou

174 766 303 831 possunt
313 759 416 814 venire
427 776 482 830 per
492 769 650 833 praecepta
662 759 777 832 Papae,
796 769 844 814 aut
856 760 882 815 si
898 777 953 832 per
964 769 1125 832 praecepta
1136 759 1239 831 Papae

173 847 313 917 ueniunt,
337 866 399 904 non
421 849 544 906 veniunt
562 864 618 921 per
627 849 796 907 Christum.
831 848 903 904 Non
921 859 969 904 est
985 848 1064 902 enim
1082 847 1143 904 nisi
1159 862 1238 909 unus

176 936 335 1006 Christus,
361 947 411 992 aut
433 954 504 1007 ergo
520 937 600 1009 Papa
625 937 805 1008 praedicabit
823 937 922 994 solum
940 936 1112 1006 onasum,
1137 948 1190 997 aut
1211 937 1237 994 si

177 1041 231 1082 sua
250 1027 418 1098 praedicat,
437 1028 526 1084 simul
543 1027 695 1082 Christum
714 1026 851 1099 expellit,
868 1038 897 1082 et
915 1027 1061 1088 inlocum
1083 1027 1155 1102 ejns
1169 1043 1238 1083 suc.

172 1116 272 1186 cedit,
291 1100 373 1189 quod
391 1126 418 1171 et
434 1134 506 1171 vere
524 1116 603 1172 facit.
638 1114 719 1171 Nam
736 1115 803 1172 ideo
820 1125 949 1172 vocatur
963 1115 1093 1172 vicarius
1111 1101 1236 1187 Christi,

172 1207 228 1281 qui
245 1206 396 1265 inlocum
417 1205 535 1279 expulsi
553 1203 664 1263 Christi
688 1220 755 1260 sese
780 1223 836 1279 pro
860 1204 1015 1263 Ecclesiae
1040 1206 1237 1268 tunduueatu

174 1297 288 1369 posuit.

167 1376 169 1381 ’
241 1393 324 1468 Quid
342 1408 413 1461 ergo
431 1391 599 1469 iaciendum
616 1401 664 1447 eet
681 1409 753 1448 cum
770 1393 936 1467 praeceptis
952 1393 1078 1465 Papae?

240 1490 471 1562 Respondemr:
499 1489 596 1546 Extra
606 1491 778 1549 Ecclesiam
794 1501 864 1547 sunt
880 1491 1035 1563 ponenda,
1052 1492 1134 1548 sicut
1146 1509 1237 1566 quae.

170 1579 246 1637 labet
262 1579 316 1634 alia
333 1595 392 1635 res.
424 1578 566 1653 Exempli
584 1581 689 1650 grana:
715 1582 793 1638 sicut
813 1582 886 1637 iacis
906 1598 975 1636 cum
996 1581 1085 1651 cibo,
1111 1595 1191 1654 potu
1206 1592 1236 1639 et

172 1669 237 1726 aliis
253 1669 404 1737 externis,
421 1669 466 1724 sic
483 1667 573 1724 facias
590 1668 660 1724 cum
678 1671 843 1744 praeceptis
856 1669 952 1744 Papae
969 1679 999 1725 et
1016 1672 1233 1730 conciliorum.

243 1767 409 1842 Quomodo
426 1769 521 1825 facis?

241 1865 350 1921 Cibum
373 1868 404 1922 e't
428 1877 533 1937 potum
556 1876 587 1922 et
609 1875 728 1922 vestem
754 1875 839 1921 extra
861 1848 1145 1938 Ecclesiam‘ponis
1171 1864 1234 1920 hoc

173 1955 278 2011 modo.
311 1957 361 2012 Tu
377 1957 473 2013 credis
491 1972 530 2012 ex
548 1958 615 2013 solo
632 1956 755 2012 Christo
771 1966 800 2011 te
818 1955 939 2022 vivere,
967 1965 997 2011 et
1014 1954 1130 2011 saluum
1150 1955 1234 2025 lieri,

171 2061 210 2100 ac
227 2063 282 2118 per
296 2047 436 2119 mysteria
452 2046 513 2101 Dei
529 2046 582 2102 tibi
601 2045 796 2117 perverbum
812 2046 1031 2118 Apostolorum
1055 2054 1088 2100 et
1107 2062 1236 2125 succes·

173 2149 279 2191 sorum
295 2135 408 2192 tradite.
441 2135 524 2206 Ergo
541 2137 605 2191 sive
621 2134 782 2200 comedas,
800 2133 862 2190 sive
875 2134 1012 2206 jejunes,
1038 2134 1102 2191 sive
1119 2136 1168 2190 aie
1184 2152 1236 2191 ve.

174 2225 291 2295 otiaris,
317 2225 381 2280 sive
406 2225 507 2294 aliter,
532 2242 590 2281 nec
616 2225 713 2279 minus
733 2239 790 2280 nec
807 2225 875 2297 plus
893 2225 930 2280 de
948 2223 1072 2281 Christo
1089 2225 1236 2282 habebis:

174 2315 231 2370 sed
248 2323 334 2386 potes
351 2315 408 2371 illis
426 2314 518 2370 libere
536 2315 596 2381 uti,
613 2324 647 2369 ut
658 2314 810 2394 volueris,
828 2314 991 2370 dummodo
1005 2325 1051 2368 tua
1068 2315 1145 2384 sint,
1159 2317 1188 2383 ¹)
1205 2327 1237 2373 ct

172 2406 315 2480 proximo
333 2423 392 2462 non
409 2406 552 2476 rapueris.
587 2405 634 2459 Sic
650 2405 687 2459 de
705 2405 843 2460 omnibus
858 2405 958 2476 Papae
977 2413 1005 2460 et
1029 2405 1236 2464 conciliorum

175 2505 205 2551 et
222 2494 369 2552 Ordinum
386 2495 503 2550 statutis
521 2505 551 2549 et
568 2495 748 2551 ceremoniis
766 2495 876 2550 senties
894 2504 922 2549 et
938 2494 1031 2550 dices.

224 2611 225 2615 ¹
242 2592 324 2646 Haec
342 2608 403 2647 non
420 2603 490 2647 sunt
507 2592 645 2647 Christus
664 2602 695 2646 et
709 2592 851 2667 mysteria
864 2591 938 2647 Det:
957 2609 1028 2663 ergo
1045 2608 1151 2663 perca
1171 2610 1236 2650 ser.

174 2689 241 2736 vata
257 2699 317 2736 non
334 2683 425 2750 vivo,
450 2692 499 2736 aut
516 2683 544 2737 in
564 2681 700 2738 Ecclesia
717 2683 779 2739 Dei
799 2700 872 2751 ero,
898 2701 955 2738 nec
973 2701 1027 2756 per
1043 2699 1076 2736 ea
1094 2684 1236 2753 neglecta

173 2770 302 2839 moriar,
321 2780 370 2825 aut
387 2780 469 2825 extra
483 2771 654 2827 Ecclesiam
672 2787 734 2826 ero.
768 2772 877 2828 Libera
895 2789 967 2842 crgo
984 2781 1052 2827 sunt
1069 2782 1099 2826 et
1116 2772 1234 2829 indiffe.

172 2861 284 2929 rentia,
310 2863 387 2915 sicut
411 2860 558 2932 quaelibet
583 2862 635 2916 alia
661 2872 784 2916 externa
809 2863 944 2931 corporis
968 2863 1033 2916 usui
1060 2865 1234 2919 commoda.

179 2950 248 3005 Hoc
265 2961 325 3018 eat,
343 2950 424 3021 quod
440 2949 551 3005 Paulus
568 2951 640 3024 dicit
657 2957 682 3005 t.
701 2950 835 3005 Corinth.
854 2950 953 3006 vlla:
982 2951 1071 3006 Esca
1088 2957 1119 3004 et
1132 2960 1234 3022 potus

172 3057 234 3096 nos
249 3041 320 3112 Deo
336 3057 401 3096 non
419 3041 658 3096 commendant:
675 3041 747 3096 item
763 3041 854 3097 Rom.
872 3041 973 3097 XIV.:
1001 3043 1155 3114 chnum
1166 3043 1236 3098 Dei

171 3147 239 3186 non
256 3138 303 3186 est
319 3147 391 3187 esca
408 3138 438 3186 et
451 3138 562 3204 potus,
584 3131 643 3186 sed
648 3131 753 3200 fides,
768 3148 856 3203 pax,
881 3138 912 3185 et
925 3130 1082 3206 qaudz'tam
1098 3132 1134 3187 in
1153 3134 1232 3208 Spi-

173 3221 242 3277 ritu
258 3229 381 3278 sancto.

240 3312 268 3374 Si
291 3339 363 3391 ergo
386 3320 483 3392 Papa,
510 3319 637 3374 concilia
665 3326 695 3381 et
711 3319 892 3398 monasteria
913 3321 1023 3375 vellent
1047 3333 1100 3374 sua
1121 3331 1231 3377 statuta

173 3410 218 3466 sic
233 3410 325 3464 libera
340 3410 471 3479 habere,
494 3420 524 3465 ct
541 3427 574 3464 ea
590 3427 648 3464 nec
665 3409 848 3478 necessaria,
872 3426 930 3464 nec
946 3409 1026 3465 utilia
1044 3410 1079 3466 ad
1102 3411 1230 3470 salutem

173 3501 310 3555 civitam
328 3499 356 3553 in
373 3494 510 3555 Ecclesia*
529 3499 703 3569 exigerent?

238 3595 294 3651 Sed
311 3606 383 3650 tuac
401 3613 522 3666 regnum
541 3613 647 3651 eorum
664 3613 725 3652 non
742 3597 848 3664 stabit,
866 3596 934 3672 quia
950 3600 1056 3655 volunt
1073 3617 1107 3654 ee
1124 3617 1229 3657 neces.

175 3685 250 3751 saria
266 3683 376 3754 videri,
403 3696 435 3741 ut
452 3686 567 3763 possint
584 3686 721 3766 homines
739 3704 863 3758 cogere:
887 3689 954 3744 ideo
978 3701 1048 3743 sunt
1067 3690 1228 3745 adversarii

177 3775 305 3844 Christi,
327 3785 357 3843 et
373 3774 453 3850 Papa
471 3785 516 3831 eat
532 3792 622 3831 verua
640 3776 859 3849 Antichristus,
883 3778 1062 3836 abominatio
1080 3781 1125 3836 illa
1143 3792 1227 3838 stans

220 4008 243 4062 ll
268 4006 363 4055 norit.
388 4011 454 4056 aaut.
