2574 4724
185 322 245 398 '1¹86
654 329 745 404 tata.

183 489 294 560 Neque
311 490 389 545 enim
407 489 540 546 satanam
557 490 653 560 ipsum
670 489 775 561 timeo,
796 507 890 565 neque
908 490 1053 560 Angelum
1071 489 1107 544 de
1125 492 1230 558 coelo,

183 589 292 652 quanto
309 581 407 635 minus
426 579 649 637 Catolstadiutn.
683 581 754 636 Vale
771 592 800 637 et
816 599 868 635 ora
885 599 940 653 pro
963 581 1111 649 Evangelii
1128 583 1230 651 gloria.

183 669 321 724 Christus
338 679 437 724 servet
455 669 621 740 Principem
639 681 774 726 nostrum
792 672 887 724 adhuc
904 672 1067 740 paululum,
1092 672 1135 726 sic
1152 673 1230 728 enim

184 774 237 814 oro
256 758 397 831 quotidie.
433 759 545 815 lterum
561 761 634 814 vale.
668 761 730 815 Die
746 762 771 814 2.
790 759 940 826 Paschae,
959 760 1132 816 MDXXll.

810 860 855 922 Τ..
867 859 1016 944 Martinus
1033 865 1200 922 Luthems.

214 1152 255 1253 et.
272 1194 384 1260 narrt.
874 1195 927 1252 tta
948 1196 1199 1255 ccccxxmx.

563 1330 611 1398 tta
634 1329 847 1404 &tritula

207 1462 362 1517 eusteniam
376 1461 439 1509 tirtel
452 1461 601 1514 &titubent
614 1460 742 1516 steterumt
755 1463 824 1512 bitte
838 1461 876 1514 nu
889 1462 946 1515 Sal·
960 1462 1092 1511 uersuum
1105 1473 1129 1510 u.
1141 1472 1164 1511 a
1173 1473 1205 1511 m

241 1681 293 1731 ulte
307 1678 470 1727 Auriraber
481 1679 510 1726 ll.
524 1682 556 1728 61.
570 1692 592 1728 a.
619 1680 795 1794 cupimlepssae
810 1681 827 1726 f.
838 1680 882 1728 tto.
908 1678 1007 1732 &talida
1022 1680 1061 1732 itu
1075 1680 1170 1732 weida

641 1775 649 1791 ι
698 1767 763 1796 .ι.

180 1875 242 1934 Ρὶο
253 1883 283 1932 et
293 1877 416 1932 erudito
428 1877 527 1946 Viro,
542 1878 680 1952 Georqr'o
692 1878 874 1951 Spoletino,
888 1877 1116 1950 Evanqelistae
1127 1872 1230 1932 Prir'ra

389 1956 489 2041 cipadi
505 1962 686 2032 Soxortiae,
702 1979 759 2017 suo
777 1961 811 2016 in
830 1960 964 2016 Christo.
990 1963 1014 2026 ¹)

181 2067 331 2169 Salutem.
363 2115 495 2170 Primum
523 2116 602 2171 hunc
632 2117 814 2172 sacerdotem
841 2115 1003 2187 supplicem
1020 2113 1149 2184 Principi
1177 2112 1229 2168 tibi

180 2202 376 2271 commendo,
401 2205 441 2258 mi
466 2204 624 2276 Spalatiue,
659 2206 687 2261 id
713 2206 791 2261 enim
816 2205 928 2274 rogavit
943 2221 1009 2280 ane:
1036 2202 1106 2274 quid
1131 2213 1229 2258 autem

181 2302 318 2363 quaerat,
336 2292 479 2362 intelliges
496 2309 534 2348 ex
552 2294 625 2366 ipso.
661 2293 815 2348 Caeterum
831 2293 903 2347 mihi
921 2291 1035 2360 scribe,
1056 2293 1131 2346 sicut
1147 2290 1229 2362 prius

173 2381 344 2459 postulavi,
373 2400 408 2436 an
435 2381 535 2439 literae
551 2400 633 2440 meae
651 2394 681 2438 et
697 2383 925 2455 supplicationes
944 2382 972 2436 in
989 2383 1053 2435 aula
1071 2383 1229 2451 sordeant,

180 2486 237 2525 uec
262 2488 309 2525 ne.
344 2470 423 2526 Nam
448 2483 584 2542 exparte
608 2473 703 2528 Patris
724 2471 849 2527 doannis
874 2472 1057 2539 Brismanni,
1085 2473 1230 2526 Doctoris

183 2556 367 2641 {Ilicologiae
383 2559 561 2629 Minoritae,
586 2561 711 2641 nunclin
729 2543 874 2615 Cotbusio
899 2562 1044 2628 extorris,
1070 2560 1231 2629 haberem,

182 2647 264 2719 quod
276 2648 449 2720 supplicem.
480 2650 608 2705 Affectat
621 2650 699 2705 enim
714 2649 764 2704 hic
776 2649 1004 2720 Wittembergae
1017 2667 1096 2717 esse,
1113 2650 1137 2704 si
1150 2668 1234 2705 com.

180 2726 270 2791 tnode
288 2737 323 2790 ali
341 2737 453 2807 possit,
472 2749 500 2792 et
516 2755 572 2808 ego
588 2739 709 2808 promisi
726 2756 781 2809 pro
799 2755 835 2792 eo
853 2738 888 2792 ad
905 2751 933 2792 te
950 2738 1089 2793 scribere.
1109 2737 1140 2804 ⁴)

244 2826 377 2881 Vicarius
398 2828 590 2883 ll'enceslaus
616 2836 661 2882 est
683 2827 856 2894 nobiscum,
881 2840 909 2882 et
927 2829 1037 2899 aliquot
1054 2828 1157 2884 diebus
1175 2832 1232 2885 erit

182 2902 211 2972 in
224 2916 293 2972 -boc
316 2917 393 2972 loco.
429 2917 615 2972 Carolstadio
645 2916 769 2972 inhiberi
786 2919 872 2973 audio
891 2919 1048 2974 editionem
1064 2918 1154 2973 libelli
1179 2937 1233 2991 per

180 3007 343 3062 Rectorem
360 3016 388 3062 et
405 3004 620 3075 Magistratum.

246 3098 296 3153 De
322 3097 449 3170 reliquiis
472 3096 660 3152 ostendendis
679 3097 723 3151 sic
750 3094 847 3168 sapio,
874 3113 939 3152 esse
963 3098 1075 3154 scilicet
1099 3114 1148 3152 eas
1167 3100 1233 3167 ,iam

183 3186 297 3240 abunde
315 3186 385 3242 satis
403 3194 539 3242 ostensas
549 3223 559 3252 ,
585 3196 673 3256 atque
691 3176 764 3239 adeo
786 3198 963 3252 ostentatas,
990 3199 1018 3241 et
1036 3187 1163 3240 ostentui
1180 3187 1234 3241 ha.

132 3313 134 3316 <
182 3275 255 3330 bitas
272 3292 326 3347 per
342 3275 461 3329 orbem:
488 3282 574 3344 agent
592 3285 708 3340 tamen,
733 3285 764 3327 ut
781 3274 808 3327 in
834 3274 984 3345 publicum
1002 3277 1187 3345 proferantur
1205 3277 1233 3333 in

182 3365 283 3418 medio
301 3364 415 3429 choro,
433 3363 605 3434 spectandae
622 3378 726 3429 omnes
745 3379 800 3415 una
818 3363 932 3426 tabula,
960 3365 1080 3418 caeteris
1098 3381 1234 3419 ceremo.

173 3453 239 3508 ‘uiis
256 3453 394 3506 omnibus
407 3452 530 3505 servatis
548 3468 604 3521 pro
615 3466 708 3505 more.
741 3448 811 3504 Vale
824 3463 851 3505 et
867 3469 918 3506 ora
936 3451 989 3523 pr'o
1001 3469 1059 3507 me.
1094 3453 1234 3508 ll'ittetn.

184 3543 307 3613 bergae,
324 3539 509 3608 Moxxlt,
525 3540 594 3595 seria
609 3543 635 3594 5.
653 3539 816 3596 Paschatis.

766 3631 855 3686 'l'uus
872 3629 1020 3690 Martinus
1040 3631 1201 3689 Lutherus.

234 3845 255 3891 ll
273 3838 335 3889 stan
350 3839 408 3884 cod.
421 3837 474 3884 Jett.

187 3935 415 3956 ’.ιο-..ώ-

236 3993 261 4046 *l
273 3995 329 4049 bul.
343 3994 362 4041 e.
377 3992 434 4048 tata.
448 3992 493 4042 lit,
506 4000 536 4041 tu
550 3990 690 4042 attinente.
