2574 4724
119 309 181 372 210
592 308 681 375 1622.

117 462 207 519 hent:
225 478 317 534 quare
332 461 385 516 hic
400 478 455 535 pto
473 462 653 533 simplicitate
669 461 846 532 vigilandum
864 470 919 516 esta
953 459 1073 518 Rursus
1095 452 1169 516 iidcs

118 566 148 608 et
165 552 292 608 charitas
308 569 370 608 nou
387 553 506 621 adorat,
525 554 592 625 quia
609 555 664 608 scit
687 569 746 607 nou
764 569 830 607 esse
846 553 1012 606 mandatum
1030 551 1169 619 adorare,

116 660 173 700 nec
190 641 307 716 peccari
323 658 383 697 non
402 642 560 697 adorandos
592 644 638 698 Sic
652 645 680 697 in
691 643 826 698 libertate
837 628 891 713 pcc
900 642 1031 695 medium
1048 640 1169 697 illorum

116 731 239 797 transit,
255 742 284 784 et
300 746 404 785 omnes
422 732 599 800 concordat,
620 733 720 788 sinens
738 746 979 802 unumquemque
998 746 1054 784 suo
1073 745 1169 784 sensu
1196 758 1201 763 ·

117 821 280 897 abundaret
296 832 395 874 tamen
410 836 447 874 ne
459 820 644 892 disceptent,
661 833 691 875 et
702 822 828 875 invicem
846 836 913 876 sese
926 819 1079 890 judicent,
1099 834 1168 889 pto.

114 909 217 977 hibet,
242 918 337 964 sectas
354 909 433 964 enim
456 923 486 963 et
502 909 660 964 schismata
678 910 761 979 odit,
788 910 885 963 omnia
910 920 1008 963 autem
1024 911 1048 976 ²)
1072 908 1173 963 libum.

116 999 218 1055 habet.

124 1111 128 1120 ·
180 1090 227 1154 Sic
244 1089 298 1145 ista
315 1089 464 1144 contentio
482 1089 660 1143 absolvenda
679 1098 724 1144 est
734 1128 744 1156 ,
761 1088 872 1143 ansub
888 1104 961 1160 parte
979 1088 1079 1143 solum
1098 1104 1168 1142 cor.

114 1195 189 1251 pus,
215 1179 323 1234 virtute
340 1179 501 1233 verborum
519 1179 576 1245 sit,
601 1188 659 1232 etc.
694 1178 774 1252 Quid
795 1179 891 1243 enim,
917 1187 947 1230 ut
963 1177 1074 1256 tuipse
1086 1176 1166 1246 judi.

114 1283 180 1336 cas,
199 1284 275 1340 opus
293 1277 339 1322 est
355 1266 427 1322 rude
443 1268 548 1336 vulgus
568 1267 613 1320 his
630 1266 746 1335 argutiis
765 1266 931 1337 implicare,
949 1265 1029 1336 quod
1047 1266 1166 1320 interim

113 1362 214 1430 potest
236 1357 294 1410 hac
318 1373 387 1412 sana
413 1365 443 1410 et
462 1366 525 1415 tuta
543 1355 599 1410 fide
616 1356 715 1424 dirigi,
740 1357 853 1409 scilicet
880 1356 960 1426 quod
983 1355 1084 1409 credat
1108 1355 1166 1410 suh

112 1463 188 1519 pane
211 1462 280 1502 esse
298 1462 407 1518 corpus
433 1447 530 1515 iilius,
557 1446 608 1518 qui
632 1456 679 1500 est
702 1462 790 1499 verus
808 1447 880 1499 deus
908 1454 1041 1499 etvetus
1057 1445 1165 1500 homo.

115 1534 278 1609 Quomodo
296 1545 392 1590 autem
405 1538 640 1590 concomitanter
652 1535 690 1591 ibi
701 1536 838 1603 sanguis,
855 1536 1039 1602 humanitus,
1058 1535 1163 1605 deitas,

112 1628 181 1699 pitt,
209 1641 297 1690 ossa,
328 1626 406 1680 cutis
430 1626 505 1690 sint,
532 1641 600 1680 cum
622 1642 683 1680 non
710 1626 767 1679 sint
794 1626 957 1679 necessaria
982 1625 1067 1690 sciri,
1094 1625 1164 1696 quid

114 1732 190 1786 opus
208 1726 252 1770 est
269 1715 399 1784 fatigari?
424 1715 509 1769 Fides
527 1730 565 1768 ex
582 1715 629 1769 his
646 1715 735 1768 rebus
754 1726 783 1768 et
809 1714 905 1768 verbis
924 1730 1022 1784 neque
1040 1715 1164 1769 docetur

112 1821 210 1875 neque
229 1815 367 1873 augetur,
390 1804 442 1856 sed
458 1803 587 1873 scrupuli
613 1814 771 1871 seruntur,
796 1814 824 1856 et
842 1805 1061 1859 dissensiones:
1090 1803 1161 1858 fides

112 1897 174 1949 tion
192 1895 254 1948 vuit
271 1895 337 1964 plus
354 1908 463 1960 nosse,
482 1910 570 1965 quam
586 1894 642 1947 snb
658 1910 733 1964 pane
750 1907 817 1946 esse
834 1909 943 1963 corpus
962 1893 1089 1959 Christi,
1107 1893 1162 1948 suh

112 1983 183 2038 vino
201 1985 372 2053 sauguinem
390 1970 499 2039 Christi
525 1984 696 2038 viventis'et
713 1983 875 2052 regnantis:
890 1985 931 2041 iu
948 1983 1005 2036 hae
1022 1982 1160 2056 simplici.

75 2087 77 2092 ·
112 2082 171 2129 tate
189 2082 378 2144 perseuerat,
396 2051 791 2145 contemtiti'quaestionibus
810 2074 943 2127 curiosis.
986 2098 990 2109 ·

179 2165 225 2216 Sic
250 2171 279 2217 et
304 2163 373 2216 illud
391 2162 539 2216 solverent
558 2162 593 2216 de
617 2161 764 2216 adorando
789 2171 817 2216 et
833 2160 996 2216 invocando
1012 2161 1117 2218 Deum
1133 2163 1162 2218 in

114 2252 226 2308 Sanctia
251 2252 450 2320 habitantem,
484 2252 608 2307 iibemm
634 2268 701 2307 esse
732 2262 763 2307 et
785 2261 922 2306 neutrum
947 2253 1163 2307 necessarium.

115 2338 293 2417 Quanquam
306 2343 334 2396 in
346 2342 516 2395 hominibus
529 2341 661 2412 plurimis
674 2358 733 2395 non
747 2341 784 2395 itu
797 2351 910 2394 certum
923 2353 967 2395 est
978 2342 1121 2406 habitate,
1131 2346 1162 2410 ²)

115 2447 202 2504 quam
230 2442 343 2484 cenum
367 2442 412 2485 est
436 2435 465 2484 in
490 2439 671 2484 sacramento
699 2446 782 2486 esse:
808 2431 932 2498 legimus
956 2440 1052 2485 autem
1069 2433 1163 2504 prima

117 2520 187 2574 Cot.
205 2517 299 2585 XIV„
317 2519 397 2590 quod
416 2519 576 2588 Apostolus
593 2518 676 2586 dicit,
693 2517 839 2571 infidelem
856 2518 884 2572 in
903 2520 1007 2573 faciem
1023 2537 1163 2577 casurum

115 2608 145 2662 ἐι
162 2594 351 2662 adoraturum
368 2608 469 2661 Deum
488 2609 515 2660 in
533 2607 660 2673 sanctis,
688 2607 712 2661 si
731 2624 784 2661 eos
803 2608 1009 2679 prophetantes
1026 2612 1164 2687 audierit,

116 2708 146 2751 et
162 2693 312 2750 Abraham
336 2696 545 2765 ttes“Angeios
564 2696 650 2762 vidit,
676 2705 705 2749 et
719 2712 813 2749 unum
830 2697 996 2751 Dominum
1014 2700 1164 2755 adomvitt

116 2796 145 2841 et
169 2786 237 2856 quid
263 2783 404 2852 facimus,
430 2786 499 2838 dum
516 2786 588 2838 alius
614 2785 703 2838 alium
719 2785 834 2840 honore
863 2789 1067 2857 praevenimus
1086 2792 1163 2862 (quo

115 2877 255 2948 exemplo
272 2884 303 2928 tu
319 2891 438 2946 quoque
455 2875 491 2929 ad
508 2891 555 2929 tne
573 2875 707 2930 scribens
734 2876 837 2943 uteris)
854 2893 941 2948 quant
960 2880 1040 2948 quod
1057 2880 1162 2935 Deum

114 2969 144 3024 in
160 2965 247 3021 nobis
263 2964 446 3019 honoramus
465 2974 492 3018 et
508 2964 687 3019 adoramus?
706 2965 781 3020 Esto
793 2982 863 3036 ergo
881 2967 1004 3021 libeium
1022 2970 1163 3026 invocare

115 3058 217 3113 Deum
228 3057 302 3125 ,vel
319 3055 347 3108 in
363 3054 501 3120 homine,
518 3056 567 3109 vet
585 3067 668 3133 entra
684 3053 855 3121 hominem,
883 3058 958 3111 inter
974 3044 1162 3128 creaturam,

116 3148 164 3202 vei
182 3156 265 3201 extra
280 3142 463 3221 creaturam,
490 3144 566 3218 quia
582 3152 612 3199 et
636 3145 755 3200 coelum
771 3153 800 3199 et
815 3148 1070 3219 terram-impleo
1087 3167 1162 3224 eqo,

116 3239 185 3309 dicit
202 3236 361 3291 Dominus.
396 3234 556 3290 Tutissime
569 3235 620 3289 hic
637 3235 764 3290 ambulat
783 3235 853 3291 iides
864 3252 966 3308 ,tquae
983 3241 1080 3293 solum
1100 3242 1165 3295 De.

116 3323 168 3382 tim
185 3328 213 3380 in
231 3316 367 3380 omuibus
385 3324 524 3394 suspicit,
541 3322 704 3380 infidelibus
715 3337 809 3379 autem
822 3344 882 3382 non
895 3339 993 3399 potest
1005 3330 1075 3384 satis
1093 3331 1163 3399 dici,

116 3410 202 3485 duci,
228 3413 361 3487 probati,
387 3414 454 3484 quia
478 3413 525 3468 isti
551 3429 583 3468 se
609 3414 691 3484 ipsos
714 3414 833 3469 adorant
850 3432 975 3487 semper.
1011 3418 1114 3490 Quare
1131 3433 1165 3475 ut

117 3500 194 3574 dixi,
212 3494 426 3570 do'eet'an'tuttt,
442 3512 474 3556 ut
491 3501 545 3556 fide
558 3506 624 3556 saui'
637 3502 716 3568 sint,
733 3509 761 3557 et
777 3505 998 3574 quaestionthus
1015 3509 1162 3578 cJ‘usmodi

116 3596 188 3652 nihil
212 3596 271 3648 etit'
290 3592 388 3664 opus,
412 3596 441 3646 et
464 3592 567 3647 unctio
592 3606 645 3665 pat
664 3608 731 3648 sese
754 3608 806 3649 eos
833 3594 943 3650 enidiet
958 3595 986 3650 in
1006 3599 1161 3669 omnibus,

119 3686 182 3742 aine
200 3698 257 3756 qua
278 3680 350 3736 nihii
375 3674 513 3749 facimus,
536 3678 591 3736 uisi
612 3682 690 3752 quod
708 3681 742 3738 ad
759 3681 964 3763 interminatas¹
974 3689 1161 3758 quaestiones

117 3791 240 3831 ruimus.
687 3784 691 3791 '
723 3788 727 3793 ·
853 3782 856 3791 '

128 3965 135 3974 '
163 3970 187 4018 t)
202 3967 240 4017 &a
254 3958 384 4023 aununtiet
397 3946 490 4014 tuctu
502 3960 584 4019 nutu
596 3963 650 4017 tut
663 3962 709 4011 tut
755 3966 777 4021 2)
791 3958 830 4018 &i
843 3966 936 4020 tutta
949 3969 1002 4025 tiatt
1012 3909 1134 4023 :initiara-
