2574 4724
551 280 640 343 1522.
679 296 683 305 ·
1056 276 1117 353 taz

55 433 116 491 fide
134 435 230 491 aliena
246 433 418 505 offerretur,
436 438 488 492 scd
506 454 610 492 onmes
621 436 761 508 suscepit.
795 400 921 507 Eique
938 434 1041 505 plura?
1057 432 1117 490 Te.

55 526 202 581 stimoma
217 539 247 583 ct
263 527 399 596 exempla
413 528 501 581 totius
513 529 679 596 Scripturas
697 537 805 582 etanta
823 525 878 580 lide
890 527 997 590 aliena,
1015 524 1043 581 iet
1060 533 1117 592 est,

55 633 74 671 a
89 617 215 689 propria
233 616 305 684 fide,
323 634 398 688 quae
415 617 549 688 impetret
565 617 646 671 alteri
664 616 767 684 iidem,
783 627 812 671 et
829 617 969 689 quicquid
986 615 1075 671 votet.

126 706 196 761 linc
212 707 297 776 igitur
313 719 413 770 restat,
430 725 465 763 au
480 708 610 763 Ecclesia
623 712 723 764 credat
736 709 865 778 parvulis
881 705 991 762 intrandi
1009 703 1117 759 iidem?

55 794 143 852 Nam
167 795 206 850 de
231 795 363 851 Ecclesia
387 799 519 855 fortassis
540 799 615 854 baec
640 799 789 870 quaestio,
816 798 931 852 nonde
952 794 1118 849 fidealiena

24 887 26 890 ’
57 896 110 958 aut
135 885 266 941 efficacia
283 888 345 956 ejus
370 890 498 944 venitur.
533 889 617 944 Fides
642 872 734 943 aliena
758 887 897 960 quicquid
919 886 1028 958 possit,
1048 901 1115 940 >non

57 988 105 1032 est
116 979 344 1050 disputandum,
361 998 429 1035 cnm
447 983 544 1037 omnia
556 982 615 1036 siut
628 965 779 1052 possibilia
792 979 933 1034 credenti.
966 977 1055 1043 ilaec,
1064 992 1117 1030 au.

10 1140 12 1149 ¹
57 1080 120 1124 tem
139 1069 276 1141 quaestio
293 1082 339 1124 est
355 1070 390 1125 de
409 1073 505 1138 lacto,
530 1089 592 1126 non
617 1071 752 1141 dejure:
781 1087 842 1124 non
858 1069 937 1124 enim
953 1081 1115 1139 possumus

57 1160 230 1230 disputare,
247 1176 282 1214 an
300 1159 432 1215 Ecclesia
442 1161 564 1216 deberet
581 1160 849 1228 crederc,‘infundi
866 1159 995 1231 pervadis
1014 1156 1116 1226 fidem,

57 1264 127 1304 eum
145 1260 325 1320 potestatem
340 1248 448 1304 habeat
471 1249 498 1303 in
515 1262 608 1305 totum
627 1267 687 1306 non
704 1249 865 1321 baptisandi
884 1250 1022 1320 parvulos
1032 1286 1042 1315 ,
1059 1262 1116 1302 nec

57 1352 101 1395 est
126 1340 415 1411 inconscriptum,
443 1341 491 1411 qni
510 1357 574 1394 eam
600 1351 686 1409 cogat
709 1339 770 1395 hoc
792 1340 932 1416 credere,
956 1340 1031 1393 sicut
1046 1328 1116 1393 sunt

57 1430 185 1485 aliorum
203 1429 404 1485 articulorum.
440 1431 521 1503 Quid
543 1431 632 1499 igitur
649 1432 791 1486 iaciemus
806 1430 875 1485 hic?
897 1429 949 1498 jus
967 1445 1027 1484 non
1044 1444 1116 1500 pro.

57 1517 186 1575 bemus?
205 1518 292 1573 iidem
315 1521 381 1589 quis
398 1521 495 1575 videt?
518 1521 552 1574 ad
571 1522 791 1576 consessionem
806 1521 890 1589 igitur
906 1520 1051 1599 etprdum,
1075 1517 1116 1572 si.

58 1609 179 1679 quidem
198 1624 252 1662 ore
268 1611 416 1663 consessio
436 1607 465 1664 lit
480 1609 515 1664 ad
541 1611 673 1665 salutem.
710 1610 771 1671 lam
794 1611 861 1681 quid
880 1608 1040 1664 confitetur
1055 1606 1115 1663 Ec.

59 1700 166 1765 etesia,
192 1713 226 1753 se
243 1699 365 1752 credere
383 1701 410 1753 in
428 1699 487 1753 boc
504 1700 646 1755 articulo?
672 1700 782 1755 Nonne
808 1715 918 1772 pueros
935 1700 1113 1754 etiam'esse

58 1789 218 1860 participes
239 1785 454 1844 beneficiorum
474 1789 597 1864 Christi?
619 1775 765 1859 Objicitur
782 1805 871 1843 vero:
888 1788 996 1860 quidsi
1014 1792 1114 1858 Augu.

58 1863 174 1943 uinus,
200 1887 231 1931 et
245 1894 319 1949 quen
339 1877 497 1932 Ecclesiam
515 1895 603 1933 vocas
629 1879 676 1932 vel
691 1895 756 1933 esse
771 1879 886 1945 credis,
913 1878 940 1933 in
957 1877 1014 1931 hac
1032 1888 1113 1948 parte

58 1967 210 2023 errarint?
230 1966 306 2041 Quis
320 1980 420 2023 certos
438 1986 493 2022 nos
509 1970 612 2032 faciet,
636 1986 701 2022 cum
720 1968 844 2038 probare
858 1985 919 2021 non
937 1983 1113 2038 possumus,

57 2057 171 2113 debere
193 2074 258 2110 eam
275 2057 471 2123 siccrcdere?
499 2063 538 2113 At
555 2061 657 2112 eadent
678 2059 805 2129 objectio
825 2057 1050 2130 impugnabitur.
1084 2060 1114 2114 Si
1147 2043 1149 2047 ⁵

56 2166 119 2204 uon
131 2148 199 2217 lus,
215 2152 310 2201 tamen
326 2149 432 2201 farctum
449 2153 564 2220 propr-ic
581 2149 717 2202 credendi
734 2149 761 2203 in
776 2147 921 2203 Ecclesia.
944 2148 1021 2221 Quis
1034 2148 1113 2204 enim

56 2251 164 2293 certus
183 2238 255 2303 erit,
279 2238 476 2306 Artgrtstinum
494 2239 650 2293 credidisse
667 2237 858 2306 Trinitatem,
885 2238 910 2292 si
931 2238 1113 2294 confessioni

58 2330 122 2399 ejus
143 2329 374 2384 concreditur?
402 2329 627 2386 Confessioncm
648 2332 714 2402 ejus
734 2339 834 2385 certus
856 2347 922 2385 sum
945 2347 1112 2386 consonare

56 2418 249 2491 Scripturas,
274 2419 325 2473 sed
345 2435 413 2473 eum
434 2422 577 2486 credere,
598 2421 674 2475 sicut
693 2419 864 2486 confitetur,
884 2435 951 2476 snm
971 2422 1113 2476 incertus.

55 2507 123 2579 Ego
141 2524 219 2562 vero
237 2509 323 2563 video
337 2510 363 2564 id
382 2511 517 2576 singulari
536 2512 675 2564 miraculo
695 2511 751 2566 Dei
771 2511 896 2576 farctum,
916 2523 948 2564 ut
964 2511 1047 2567 solus
1061 2509 1114 2566 hic

56 2601 202 2653 articulus
218 2599 254 2651 de
274 2600 400 2667 parvulis
420 2600 595 2670 baptisandis
618 2619 767 2671 rtrrnqnam
783 2603 867 2654 luerit
885 2614 1005 2667 negatus
1023 2618 1058 2654 ne
1077 2603 1112 2655 ab

55 2687 217 2742 haereticis
236 2689 369 2759 quidem:
391 2691 463 2742 adeo
479 2692 554 2742 nialla
572 2701 614 2743 est
633 2692 781 2745 corrlessio
799 2691 873 2745 iltius
891 2692 918 2744 in
933 2693 1113 2762 oppositum,

57 2782 110 2833 sed
132 2797 148 2832 e
168 2790 272 2832 contra
292 2781 380 2832 totius
397 2780 479 2832 orbis
500 2781 648 2833 cortfessic
672 2792 810 2834 constans
829 2793 857 2834 et
880 2800 934 2833 una
954 2785 986 2834 ad
1006 2801 1114 2853 propo.

59 2874 159 2924 situm.
198 2869 280 2922 Hanc
299 2882 394 2921 saitem
417 2860 643 2922 consessionem
655 2887 760 2937 negare
783 2888 848 2925 esse
871 2872 1019 2924 Ecclesiae
1039 2872 1113 2926 illius

57 2978 148 3014 verae
179 2972 208 3015 et
236 2960 396 3027 legitimae,
428 2960 557 3013 arbitror
580 2961 783 3030 impiissimum
814 2979 890 3015 esse.
929 2962 1010 3014 idern
1036 2962 1114 3016 enim

56 3053 131 3106 ntilri
149 3052 267 3104 videtur
284 3062 370 3121 atque
390 3051 550 3104 Ecclesiam
571 3070 688 3119 nugare,
710 3069 794 3117 crnn,
813 3054 911 3105 sinon
929 3070 1020 3121 esset,
1039 3053 1114 3106 haec

56 3142 198 3196 Ecclesia
214 3141 325 3211 absque
340 3142 427 3196 dubio
446 3141 599 3212 aliquanda
616 3143 743 3195 dodisset
761 3143 936 3195 contrariam
952 3145 1114 3197 confessio.
1156 3188 1160 3195 .

54 3249 145 3298 nem,
173 3247 243 3284 cum
269 3229 338 3283 fides
365 3230 512 3285 Ecclesiae
531 3248 678 3301 rirrnqnam
703 3249 763 3285 non
788 3232 888 3295 fuerit,
916 3243 944 3286 et
961 3250 1114 3302 nunqnam

52 3341 117 3378 non
144 3322 284 3374 confessa
309 3321 412 3388 luerit,
442 3322 522 3393 qnod
547 3323 648 3374 credit.
683 3321 771 3375 Plura
796 3332 825 3374 tu
850 3320 966 3392 sapiens
993 3339 1032 3376 ex
1059 3324 1113 3377 ista

53 3413 223 3469 occasione
241 3411 348 3481 capies

126 3501 208 3554 Cum
229 3500 315 3568 igitur
334 3500 368 3553 ad
386 3499 563 3570 baptismum
584 3501 685 3552 afferre
706 3517 764 3553 non
788 3500 824 3553 sit
848 3501 941 3568 aliud,
969 3520 1056 3574 qnam
1078 3502 1113 3558 arl

55 3593 220 3648 Christum
240 3601 422 3659 praesentem
444 3600 471 3643 et
494 3608 595 3645 arrianus
613 3592 717 3658 gratiae
737 3590 911 3661 aperientem
934 3593 960 3645 in
979 3606 1056 3647 terra
1070 3595 1119 3648 οἱ

52 3687 156 3750 serre,
183 3693 213 3736 et
234 3682 280 3735 ille
305 3682 449 3735 universis
473 3682 615 3751 exemplis
640 3681 819 3744 ostenderit,
850 3698 917 3734 sese
943 3695 1111 3751 acceptare,

51 3775 138 3849 quod
158 3772 301 3828 offertur:
320 3789 373 3824 crtr
389 3771 438 3824 hic
455 3772 640 3826 ‹litliitamnsl
671 3771 779 3824 Saltem
797 3770 856 3823 hoc
875 3771 1028 3843 prophetis
1050 3775 1112 3829 istiu

51 3865 254 3924 abstulimus,
274 3877 309 3914 ne
330 3862 443 3931 possint
462 3878 513 3914 sua
536 3861 676 3930 probare,
695 3877 763 3913 cnm
784 3861 859 3914 desit
879 3861 919 3914 eis
941 3864 1112 3934 exemplum

50 3970 79 4012 et
108 3953 334 4025 testimoninm,
367 3952 450 4007 noins
472 3967 570 4005 autent
595 3950 688 4005 adsitrt
718 3950 880 4006 testimonia
907 3961 933 4006 et
959 3954 1111 4027 exempla,
