2574 4724
603 268 692 335 1521.
1135 276 1175 338 αι

110 441 176 485 nec
193 426 297 496 suta,
307 434 343 484 ut
356 442 465 499 parcns
482 426 549 484 tibi:
566 427 633 484 ideo
650 438 678 484 te
694 441 800 483 sensus
811 434 878 483 tuus
890 427 971 482 ducit
981 427 1173 498 singulariter.

112 514 230 572 (solia
243 515 303 573 une
316 515 464 585 meldim,
480 519 532 573 sed
543 519 636 574 'toties
651 518 742 573 surdo
759 517 886 573 subulam
903 534 1000 572 narro.

188 605 241 661 De
261 604 347 677 glans·
364 607 435 677 jure
458 606 503 661 sie
518 608 637 674 sentio,
659 616 690 661 nt
708 607 797 676 prius.
832 590 911 661 Nam
928 616 961 660 tu
978 605 1049 661 mibi
1065 606 1174 662 videris

118 703 223 765 petere
235 696 508 764 'ant-mandeturn,
537 706 585 750 aut
601 697 756 751 consilium
773 711 813 751 ex
831 695 992 765 Evangelio
1010 711 1102 767 super
1117 695 1175 752 ban

116 798 166 838 te:
183 782 214 839 in
229 793 405 856 qunteenm
416 786 502 856 plane
514 784 621 852 sentio,
636 801 732 858 neque
744 795 932 855 praeceptum
949 802 1047 857 neque
1057 787 1175 841 consul.

116 882 178 926 tum
189 870 218 938 ¹)
234 888 306 929 esse
322 874 469 944 ejusmodi
486 876 532 945 jus
549 875 578 930 in
595 874 773 945 Evangelio,
791 891 887 946 neque
904 874 1097 929 conveniebat
1113 877 1175 929 ullo

115 960 225 1028 ruodo,
250 978 323 1016 enm
340 962 537 1033 Evangelium
560 963 599 1018 sit
621 962 673 1019 lex
689 963 921 1019 voluntariorum
945 974 973 1016 et
995 963 1174 1029 liberorum,

118 1049 226 1123 quibus
250 1050 328 1107 nibil
350 1067 420 1106 eum
445 1053 541 1122 gladio
566 1064 616 1107 attt
639 1053 724 1122 gladii
735 1055 813 1123 Jure.
847 1053 904 1107 Sed
923 1068 978 1108 nec
995 1052 1175 1123 prohibitum

117 1152 160 1194 est
174 1142 242 1211 ejus
253 1140 326 1211 jus,
343 1140 404 1197 imo
420 1140 625 1197 confirmatum
642 1153 673 1197 et
685 1141 938 1207 commendatum,
955 1141 1036 1213 quod
1052 1156 1176 1210 prorsus

118 1229 152 1284 tle
174 1230 258 1286 nulla
282 1233 496 1301 permissarum
519 1248 618 1288 rerunt
634 1232 769 1303 legimus.
803 1231 883 1287 Nam
907 1243 935 1286 et
952 1231 1055 1300 injuris
1078 1240 1108 1285 et
1124 1245 1177 1286 ex·

117 1328 220 1377 terune
243 1321 434 1376 ceremoniae
458 1338 556 1395 neque
580 1334 754 1394 praeceptae
770 1338 867 1393 neque
883 1323 1037 1377 consultae
1061 1320 1176 1375 suntin

117 1407 302 1480 Evangelio,
318 1411 370 1465 sed
387 1428 483 1484 neque
500 1414 557 1467 ulla
574 1412 779 1485 temporalium
796 1428 897 1466 rerum
909 1428 997 1466 cura:
1015 1421 1102 1483 etque
1113 1426 1176 1465 non

118 1500 318 1556 eonveniebat
342 1501 379 1555 de
395 1501 430 1556 iis
446 1502 604 1572 disponere
620 1501 802 1572 Evangelio.
831 1503 911 1574 quod
927 1503 1024 1557 solum
1040 1502 1175 1572 spiritum

119 1590 147 1646 in
162 1606 216 1645 eus
232 1589 372 1646 libertate
389 1592 535 1663 disponit:
560 1593 613 1648 sed
635 1592 765 1665 uunquid
783 1592 849 1647 ideo
868 1593 919 1664 jus
937 1608 999 1647 nou
1015 1600 1060 1644 est
1075 1590 1176 1646 utendi

120 1680 192 1747 illis,
213 1681 279 1736 imo
303 1698 404 1737 noune
427 1685 586 1739 necessitas
608 1682 698 1753 hujus
715 1682 790 1738 vitae
814 1682 933 1756 requirit
955 1681 1101 1753 ejusmodi
1123 1682 1174 1751 jus

120 1777 277 1826 etttsuntl

182 1860 252 1916 Tne
269 1860 343 1917 ratio
359 1860 483 1932 pulchre
496 1862 602 1918 iaceret
610 1862 736 1935 aliquid,
752 1863 777 1918 si
789 1878 895 1918 omnes
908 1861 1063 1917 obedirent
1075 1857 1175 1913 Evnn.

124 1949 214 2019 telio:
232 1949 333 2006 ablato
353 1952 431 2007 enim
449 1954 545 2024 gladio
570 1955 656 2020 (cunt
672 1968 795 2008 necesse
812 1952 849 2010 sit
864 1952 959 2007 mulos
975 1951 1075 2020 piures
1092 1949 1174 2014 esse)

127 2055 211 2110 quam
228 2041 280 2097 din
296 2040 382 2097 stabit
389 2041 524 2100 Ecclesia
532 2042 592 2098 Dei
609 2043 638 2098 in
654 2042 716 2098 hoc
733 2044 873 2108 saeculo,
888 2056 958 2095 curn
968 2040 1065 2094 nullus
1076 2052 1175 2110 neque

126 2131 197 2186 ritse
212 2146 315 2202 neque
329 2147 431 2186 rernm
445 2148 522 2199 usn,
547 2148 616 2203 prne
640 2133 785 2186 mulorum
808 2129 943 2196 licentis,
961 2126 1045 2198 potiri
1069 2130 1175 2197 queat?

127 2217 180 2275 set
202 2226 237 2275 tu
253 2219 414 2276 rationibus
429 2231 460 2278 et
474 2223 715 2279 inconvenientis
732 2237 793 2275 nou
810 2220 854 2274 vis
871 2218 989 2289 urgeri,
1011 2217 1063 2271 sed
1079 2215 1174 2286 Scrip-

126 2310 203 2367 tute

169 2399 247 2456 Dixi
264 2410 346 2456 antea
358 2417 457 2474 neque
471 2410 659 2474 praeceptum
670 2417 768 2472 neque
780 2399 948 2455 consultum
961 2411 1026 2452 esse
1036 2394 1174 2465 gladium,

126 2490 198 2546 sient
211 2507 312 2562 neque
327 2493 419 2546 mults
435 2491 507 2546 siin:
525 2509 591 2547 esse
609 2501 705 2546 tumen
722 2491 961 2546 commendatum
979 2500 1005 2542 et
1019 2484 1176 2542 confirma.

127 2592 202 2649 tum,
231 2583 307 2635 sicut
324 2584 374 2652 jus
390 2583 587 2646 matrimonii,
613 2582 692 2653 quod
716 2582 812 2635 itidem
836 2581 905 2634 nihil
925 2581 959 2633 ud
979 2578 1173 2644 Evangeliunt

128 2673 260 2740 pertinet.
296 2672 395 2727 Habes
421 2674 499 2727 enim
523 2671 694 2725 Johunnem
719 2672 876 2741 Baptistum
900 2670 998 2723 Lucne
1018 2667 1098 2734 111„
1123 2665 1174 2736 qui

128 2764 230 2817 milites
248 2763 365 2818 instituit
382 2762 500 2817 dicens:
530 2762 698 2817 Neminem
716 2762 919 2826 concutiatis,
935 2777 1032 2833 neque
1050 2757 1173 2813 calum:

128 2855 212 2907 niam
221 2850 381 2923 sociatis:
404 2855 461 2908 sed
476 2861 570 2908 estote
588 2852 726 2907 contenti
742 2852 909 2921 stipendiis
926 2850 1047 2904 restris.
1085 2846 1172 2900 Certe

127 2945 174 2998 nisi
186 2944 239 3014 jus
257 2944 341 3011 gladii
357 2943 510 3007 habereut,
528 2942 686 3012 probibere
704 2940 814 3006 debuit,
832 2956 898 2992 curn
917 2939 953 2991 ilii
970 2937 1173 3008 quaestionem

128 3039 204 3087 tuum
223 3036 340 3106 proprie
357 3042 528 3099 moverent,
553 3033 699 3087 dicentes:
727 3031 814 3106 Quid
825 3029 940 3100 facere
964 3035 992 3082 et
1010 3042 1068 3079 nos
1085 3021 1174 3077 debe.-

125 3129 218 3180 mus?
253 3124 315 3178 tlte·
334 3125 488 3179 institutam
511 3139 571 3177 nnn
589 3121 699 3187 habes,
725 3120 926 3174 confirmatam
956 3129 1053 3171 tamon
1079 3113 1172 3167 habes

125 3219 262 3272 militiam.
296 3215 408 3270 Nonne
425 3214 556 3282 cogitas,
581 3215 676 3267 multo
694 3211 834 3266 difficilius
853 3226 917 3265 esse
936 3208 1004 3271 tibi,
1031 3205 1099 3276 quid
1126 3221 1172 3258 re.

123 3305 270 3377 spondeas
286 3307 355 3361 satis
372 3305 452 3358 buno
469 3306 565 3358 iocum
583 3314 682 3357 contra
700 3311 727 3355 te
744 3299 955 3355 adducentibus
971 3338 981 3364 ,
998 3312 1083 3367 quam
1102 3294 1172 3365 quid

124 3398 176 3451 tibi
192 3377 428 3467 respondeatur?
454 3394 563 3449 Paulus
583 3400 607 3446 l.
624 3392 756 3447 Timoth.
777 3389 915 3460 ll·jubet
932 3404 1016 3442 orare
1034 3402 1087 3457 pro
1108 3384 1174 3450 itis,

123 3488 172 3559 qui
190 3488 218 3542 in
236 3485 414 3542 sublimitate
438 3482 582 3538 constituti
600 3495 687 3549 sunt,
713 3481 851 3551 exemplo
867 3478 1014 3531 deretuine
1033 3493 1086 3546 pro
1105 3492 1172 3541 rege

122 3576 356 3646 Babyloniorum
382 3590 466 3629 orare
487 3572 640 3642 jubentis:
670 3584 699 3625 et
723 3589 782 3624 non
801 3569 886 3638 jubet
903 3583 986 3621 orare
1003 3573 1106 3619 contra
1124 3580 1174 3615 su.

121 3666 280 3721 blimitates
313 3674 450 3735 tauquam
484 3679 547 3717 rem
577 3661 624 3715 vel
658 3658 856 3730 prohibitam,
889 3657 937 3709 vel
969 3655 1075 3708 nullius
1098 3652 1174 3722 juris

119 3765 310 3812 extslentem.

172 3947 195 3990 tl
209 3942 264 3994 et,
278 3940 325 3986 tuti
340 3938 400 3989 uidit
414 3937 539 3983 consilium
551 3968 559 3989 ,
572 3934 626 3986 stul,
640 3935 663 3982 tl
677 3935 738 3986 nolu
753 3934 846 3986 titillent
861 3931 914 3981 nudi
928 3930 1129 3983 titillantium.
