2574 4724
584 307 679 373 ,1522
1104 304 1165 377 215

114 460 241 518 ruditate
258 458 344 534 plane
361 462 492 519 nondum
510 464 613 537 capio,
634 465 659 520 si
677 465 813 519 voluntas
830 462 891 519 Dei
907 477 973 517 ease
990 461 1104 535 possit,
1130 472 1165 518 ut

115 553 207 609 abbas
224 551 311 609 tieree
321 593 332 621 ,
348 571 443 626 neque
461 555 534 609 mihi
553 556 724 611 consultum
739 555 867 609 videtur:
885 570 989 611 verum
1006 564 1058 608 tuo
1076 553 1166 623 spiri.

115 641 157 698 tui
173 643 447 714 neque-reluctator
460 659 555 715 neque
567 645 665 713 judex
682 660 748 698 esse
766 645 845 698 volo.
878 644 978 700 Unum
993 653 1091 697 autem
1107 657 1163 696 oro

115 740 145 788 te
167 749 224 802 per
244 732 361 787 viscera
383 733 511 798 Christi,
539 751 576 788 ne
601 734 685 788 facile
712 734 816 799 eredas
841 733 1021 787 delatoribus
1037 731 1165 797 uostris,

117 823 181 877 aiae
198 822 342 876 adversus
354 822 587 887 wenceslaum,
604 822 668 877 sive
681 840 748 892 erga
765 839 823 878 me.
856 822 935 877 Nam
949 822 1027 893 quod
1044 831 1076 876 tu
1093 821 1166 875 sori.

115 909 183 978 bis,
209 927 276 965 mea
289 911 395 980 jactari
413 911 448 964 ab
467 912 521 979 iis,
546 912 597 981 qui
615 913 760 983 lupanaria
781 912 900 978 colunt,
925 921 955 965 et
970 912 1061 965 multa
1079 925 1165 966 seen.

116 1001 181 1055 dala
206 1000 483 1055 ex⁶recentioribus
510 1001 720 1073 scriptiameis
737 1009 819 1069 orta,
844 1017 940 1071 neque
958 1000 1051 1054 miror
1066 1017 1165 1071 neque

114 1100 230 1145 metuo.
263 1090 353 1144 Certe
371 1107 426 1144 noa
445 1088 495 1144 hic
513 1091 625 1159 egimus
644 1101 673 1146 et
691 1089 821 1159 agimus,
837 1099 870 1145 ut
887 1090 951 1144 sine
968 1090 1095 1144 tumultu
1111 1107 1169 1160 pu.

114 1196 183 1234 rum
199 1178 326 1233 verbum
350 1178 536 1250 publicemus
560 1181 636 1251 apud
657 1179 813 1246 homines,
839 1195 899 1251 quo
918 1189 947 1234 et
965 1177 1034 1233 boui
1052 1189 1082 1234 et
1097 1179 1166 1241 mali
1232 1227 1234 1231 .

115 1278 252 1335 utantur,
268 1269 347 1334 scis,
364 1284 453 1339 quam
471 1269 584 1324 nonsit
602 1270 630 1322 in
648 1283 750 1324 nostra
763 1280 915 1340 potestate.
949 1267 1028 1323 Nam
1045 1267 1167 1322 caelibe.

114 1369 181 1414 turn
198 1358 288 1412 istum
306 1359 489 1412 immundum
506 1360 549 1425 ¹),
575 1369 637 1413 tum
659 1359 816 1414 missarum
835 1359 1029 1430 impietatem,
1055 1369 1085 1413 et
1102 1359 1167 1413 reii-

116 1448 239 1517 gionum
256 1448 453 1518 tyrannidem,
479 1458 508 1502 et
524 1449 666 1519 quiequid
684 1465 737 1519 per
753 1448 891 1503 homines
907 1449 1056 1503 invectum
1073 1449 1166 1501 etad.

117 1552 224 1591 versus
249 1553 349 1590 sanam
374 1537 537 1590 doctrinam
555 1548 688 1591 erectum
711 1547 772 1605 est,
801 1537 1009 1607 proposuimus
1027 1539 1165 1610 persequi

115 1622 230 1694 verbo,
247 1626 349 1680 facturi
367 1627 448 1697 quod
467 1626 603 1679 Christus
623 1628 781 1697 praedixit,
799 1628 917 1695 angelos
934 1636 1005 1682 euos
1023 1621 1165 1683 collectan

115 1732 166 1770 ros
186 1714 222 1768 de
238 1731 332 1784 regno
351 1730 406 1768 suo
425 1716 520 1783 omnia
533 1715 681 1771 scandala.
713 1717 938 1772 Destruenduru
955 1728 1001 1771 est
1018 1717 1108 1784 mihi,
1125 1718 1166 1773 tui

115 1805 229 1871 Pater,
255 1821 380 1874 regnrmr
397 1805 468 1859 illud
486 1805 713 1861 abominationis
731 1816 759 1860 et
775 1807 946 1876 perditionis
965 1807 1078 1876 Papae,
1096 1824 1165 1861 cum

115 1904 180 1951 toto
198 1912 330 1966 corpore
348 1911 415 1950 aruo.
432 1888 546 1966 'Atque
571 1896 599 1949 id
616 1897 747 1968 agitjam
764 1899 829 1952 sine
847 1896 953 1965 nohis,
977 1897 1164 1966 sinemuro,
1260 1928 1264 1935 ·

116 1986 184 2042 eolo
208 1985 318 2039 verbo:
344 1983 410 2038 tinia
434 1984 500 2053 ejus
524 1983 732 2038 amireorum
755 1984 901 2040 Domino.
934 1987 997 2040 Rea
1015 1996 1059 2040 est
1075 2002 1166 2054 supra

117 2084 237 2148 captum
254 2084 284 2129 et
300 2071 422 2129 sensum
439 2085 596 2139 nostrum,
618 2073 687 2128 ideo
705 2091 764 2128 uon
783 2085 828 2129 eat
837 2114 847 2142 ,
865 2075 944 2145 quod
962 2090 1077 2139 morer,
1094 2091 1165 2129 oum

116 2164 184 2237 quis
208 2163 320 2237 possit:
344 2160 371 2229 *)
405 2163 507 2232 itaque·
529 2164 553 2230 ²)
592 2161 795 2231 dignissimum
820 2173 867 2218 est
890 2180 944 2234 pro
968 2163 1164 2231 magnitudine

116 2253 177 2312 Dei
195 2251 221 2320 ³)
238 2269 363 2325 magnos
375 2251 539 2306 animorum
551 2262 666 2322 motus,
683 2270 787 2324 magna
804 2254 960 2322 scandala,
977 2269 1080 2329 magua
1097 2270 1165 2326 por.

114 2341 192 2398 teuta
210 2342 290 2398 oriri.
323 2340 396 2397 Non
413 2343 529 2396 turbent
546 2352 593 2407 te,
609 2342 649 2396 mi
665 2340 772 2411 Pater,
790 2341 865 2397 haee
883 2341 997 2397 omnia:
1016 2359 1071 2411 ego
1088 2343 1164 2397 bene

117 2449 216 2504 spero.
250 2431 414 2487 Consilium
430 2432 490 2486 Dei
509 2432 538 2485 in
553 2431 600 2486 his
618 2431 707 2487 rebus
724 2433 828 2501 vides,
847 2444 876 2488 et
892 2449 1011 2487 manum
1023 2435 1086 2503 ejus
1103 2450 1164 2487 ma.

116 2513 212 2592 garam.
245 2520 423 2580 Memento.
442 2505 528 2592 qua'm
546 2523 582 2575 ab
599 2523 682 2576 initio
700 2538 764 2577 mea
783 2539 871 2577 eausa
889 2539 1007 2593 semper
1024 2524 1163 2579 fonnidoL

118 2614 183 2667 losa
200 2623 229 2665 et
246 2612 436 2666 intolerabilis
458 2613 521 2665 visa
540 2623 584 2666 est
608 2613 739 2679 mundo,
764 2621 903 2667 ettamen
922 2614 957 2668 de
976 2614 1021 2667 die
1039 2616 1067 2668 in
1086 2615 1162 2668 diem

116 2702 287 2773 praevaluit.
329 2701 512 2756 Praevalebit
540 2714 568 2755 et
584 2701 662 2769 h'oc,
688 2704 767 2773 quod
785 2712 817 2754 tu
833 2703 908 2757 male
928 2697 1034 2759 metuis
1052 2706 1161 2782 modo:

117 2792 231 2847 sustine
248 2809 422 2862 parumper,
448 2793 566 2846 Satanas
592 2793 679 2847 sentit
695 2794 801 2846 vuinus
819 2809 923 2861 suum,
947 2794 1013 2848 ideo
1031 2795 1075 2848 sic
1094 2795 1163 2849 furit

117 2892 146 2937 et
169 2883 278 2936 miscet
301 2883 408 2937 omnia.
450 2882 506 2934 Sed
529 2881 681 2946 Christus,
706 2882 755 2951 qui
778 2883 891 2954 coepit,
920 2895 1052 2938 conteret
1074 2881 1164 2952 eumj

115 2975 223 3027 frustra
248 2973 439 3027 renitentibus
469 2972 608 3027 omnibus
639 2974 731 3043 portis
758 2973 851 3027 inferi.
892 2973 1046 3040 Jacobus,
1075 2973 1163 3029 Prior

116 3064 358 3134 Antverpieusis,
376 3064 472 3115 denuo
492 3073 592 3130 captus
611 3071 675 3129 est,
705 3073 733 3116 et
749 3062 947 3133 praesumitur
958 3064 1022 3131 jam
1038 3075 1162 3119 exustus

116 3170 200 3221 esse,
226 3163 256 3208 et
280 3155 326 3207 alii
352 3155 411 3207 duo
436 3169 505 3206 cum
528 3170 574 3207 eo.
594 3148 635 3217 ⁸⁹)
670 3151 749 3206 Nam
766 3164 881 3205 certum
905 3153 976 3220 suit,
996 3170 1064 3206 eum
1081 3153 1162 3208 occi.

116 3245 243 3298 tiendum
267 3245 358 3298 t'uisae
382 3243 421 3295 ob
448 3243 612 3298 damnatam
629 3257 712 3297 suam
737 3241 970 3296 revocationem.
1003 3242 1161 3312 Sophistae

116 3344 275 3405 properant
291 3334 327 3387 ad
344 3334 537 3404 perditionem
555 3331 619 3399 aui,
642 3347 716 3401 quae
734 3332 832 3385 veniet
850 3332 891 3387 eis
908 3341 1030 3403 propter
1047 3333 1161 3401 sangui.

164 3586 187 3636 1)
200 3581 225 3625 C.
240 3583 267 3627 G.
278 3581 415 3633 jucundum.
466 3582 489 3629 2)
505 3579 529 3625 C.
543 3582 569 3626 G.
584 3556 662 3637 tiuare.
712 3582 734 3634 3)
749 3582 773 3626 C.
789 3582 815 3626 G.
830 3580 872 3627 rei.

162 3758 185 3805 ·)
207 3752 258 3801 zan
277 3750 370 3800 mata
389 3752 415 3803 tt
433 3750 483 3803 tiri
503 3751 618 3807 iitrrfrat:
640 3751 740 3798 tatum
754 3751 798 3801 -ta
816 3751 891 3800 atat
907 3753 1004 3804 {taeta
1025 3753 1078 3800 mit
1094 3760 1161 3800 tarta

116 3831 194 3875 (oter
212 3827 289 3874 turdi
309 3833 382 3877 utu)
401 3836 429 3871 rr
447 3825 551 3876 soluat
569 3825 670 3876 t'ounra
692 3826 761 3871 attrtn
780 3827 820 3871 aad
838 3827 864 3875 ta
883 3825 1004 3876 taurum
1023 3829 1060 3873 ιιι
1077 3827 1160 3880 &tutu

113 3898 239 3947 eurtum:
261 3907 341 3944 uena
360 3900 472 3948 teuent
491 3900 520 3945 et
538 3899 686 3952 trerrtfru
705 3897 790 3949 tauns
808 3901 828 3944 ι.
841 3899 864 3952 ι.
880 3907 906 3952 tu
920 3898 1005 3955 iduum
1018 3902 1110 3960 matut..

164 3989 201 4034 ¹¹)
216 3983 248 4031 e.
262 3982 281 4028 t.
295 3991 344 4028 aar.
359 3983 403 4030 aar.
493 3991 496 3998 ’
