2574 4724
195 279 258 348 ΞΜ
675 280 764 346 1522.

195 438 296 509 fligari.
329 434 429 496 Mane
445 441 571 510 virtute,
588 441 747 496 clarissime
764 440 879 508 Herna,
896 439 940 494 sio
956 432 1124 493 abolebitur
1134 450 1240 509 oppio:

195 526 295 584 brium
314 529 468 586 Bohemici
486 532 628 599 nominis,
654 542 683 586 et
700 531 805 586 redibit
822 529 969 585 meretrici
992 529 1020 583 in
1039 530 1139 583 einum
1155 542 1239 584 suum

195 619 308 675 semina
325 619 371 674 illa
388 621 609 676 mendaciorum
627 631 656 675 et
673 621 897 676 fornicationum
910 634 1049 684 auarum,
1064 619 1239 674 utrerelen.
1280 652 1284 689 ,¹

194 716 244 763 tur
260 709 394 781 pudenda
411 710 473 780 ejus
491 711 556 765 orbi
579 722 722 764 terrarum
744 710 780 763 ad
804 709 1014 780 sempiternam
1038 707 1237 776 ignominiam.
1280 708 1284 801 1

195 796 263 854 Ηοο
280 798 317 852 sit
334 798 448 854 initium
465 801 548 868 fugae
566 816 658 855 meae.
693 800 774 854 Haec
791 814 859 870 spes
877 798 978 868 optimi
995 797 1143 868 exempli,
1161 795 1238 866 quod
1280 806 1284 859 2

195 885 346 942 imitentur
367 889 469 959 reliqui
492 887 656 945 Bohemiae
679 888 795 943 Heroea
820 899 848 942 et
870 885 1069 954 Magistratus.
1103 886 1154 940 Sic
1180 901 1237 939 non

193 974 286 1032 modo
303 978 331 1032 in
348 977 525 1034 Bohemiam
541 978 663 1048 fugero,
679 978 731 1031 sed
748 988 777 1031 et
794 976 965 1031 habitavero
990 975 1019 1030 in
1038 990 1087 1040 ea,
1112 975 1200 1030 etiam
1214 973 1236 1028 si
1280 962 1284 981 ¹

193 1065 246 1121 hic
263 1082 311 1119 me
328 1067 475 1122 exusserit
492 1067 642 1121 illaudatae
661 1065 824 1120 meretricis
848 1066 940 1119 furor.
974 1064 1118 1118 invidiam
1144 1074 1237 1118 tamea

193 1155 260 1226 ejus
277 1155 364 1210 simul
381 1165 411 1210 et
425 1155 610 1211 succendero
635 1164 664 1209 et
685 1155 786 1222 vicero
811 1156 839 1209 in
859 1153 988 1208 Christo.
1023 1151 1109 1208 Nihil
1134 1154 1191 1207 erit
1212 1151 1237 1207 ei

194 1244 317 1316 amplius
335 1260 525 1317 prosperum:
552 1245 688 1300 Christus
704 1243 749 1298 sic
768 1244 883 1311 statuit,
907 1245 1014 1297 Amen.
1050 1242 1155 1299 Gratia
1175 1242 1237 1297 Dos

193 1332 264 1388 mini
281 1335 375 1389 nostri
392 1336 423 1390 J.
444 1333 478 1389 C.
496 1345 596 1390 servet
612 1345 640 1389 et
657 1343 758 1402 augeat
773 1344 819 1402 te,
836 1334 947 1405 optime
964 1334 1081 1402 Herna,
1098 1333 1130 1389 in
1147 1344 1238 1388 aeter.

193 1439 282 1537 utam,
300 1426 406 1478 Amen.
439 1423 585 1479 Wittenb.
604 1420 913 1478 15.Jut.Ml)xx11.
970 1422 979 1470 ἰ,

225 1750 420 1841 tantuna
965 1753 1018 1812 ua
1035 1752 1209 1813 ccccxx.

455 1971 457 1975 .
552 1905 600 1974 tin
622 1903 715 2021 {ipa
738 1905 875 1984 ianne.

140 2027 143 2032 Ι
192 2061 264 2112 uste
276 2062 314 2111 tet
328 2062 437 2116 &tiuare
450 2062 719 2118 neustrianorum
732 2064 795 2114 toti
814 2063 861 2110 unt
878 2062 913 2109 tte
930 2061 1053 2120 zeferuna
1065 2061 1142 2114 {nnn
1153 2061 1239 2115 &tete

329 2297 382 2349 ultr
394 2295 558 2345 Anrliabcr
570 2299 598 2346 ll.
610 2300 644 2347 86.
658 2299 679 2344 b.
705 2296 805 2351 sceatta
817 2298 857 2351 itt
871 2296 964 2347 tosto
976 2295 1040 2342 XXI.
1052 2295 1099 2344 wi.

107 2480 110 2493 ·
193 2429 306 2529 Gratia
323 2483 352 2529 et
369 2492 427 2545 pax
443 2477 472 2531 in
490 2477 619 2533 Christo.
647 2478 828 2534 Forchemio
841 2489 870 2532 et
886 2480 973 2532 faveo
986 2487 1015 2532 et
1026 2477 1147 2532 invideo
1157 2477 1239 2533 huno

191 2578 363 2630 recessum,
388 2566 448 2619 imo
470 2567 558 2622 vobis
583 2568 739 2622 condoleo.
773 2569 831 2623 Sed
853 2569 988 2633 Christus
1013 2567 1108 2622 reddit
1130 2567 1171 2623 iili
1189 2554 1240 2622 aua

133 2706 136 2715 ,
193 2662 224 2706 et
239 2652 325 2707 vobis
342 2655 481 2724 meliora,
498 2652 589 2711 mo'do
607 2657 744 2729 speretis.
777 2658 935 2728 Impetravi
953 2657 1128 2725 aMagistro
1140 2657 1240 2712 Wolf.

190 2758 304 2812 gango,
320 2741 347 2810 ⁸)
374 2752 406 2796 ut
431 2761 446 2797 a
472 2745 559 2800 vobio
583 2747 695 2801 electus
712 2748 881 2818 parochiam
899 2763 964 2800 eam
981 2747 1008 2800 in
1025 2763 1135 2801 nomen
1152 2761 1240 2801 auum

140 2841 143 2848 '
190 2832 330 2903 accipiat,
349 2832 444 2889 donec
458 2835 563 2889 melius
576 2836 710 2892 ordinare
724 2838 852 2907 possitis.
886 2837 989 2892 Bonus
1001 2839 1122 2902 vireat,
1139 2852 1240 2907 prom.

189 2930 239 2979 tua
256 2923 312 2977 erit
329 2923 462 2991 servire,
480 2925 604 2989 cedere,
621 2934 651 2979 et
668 2942 788 2980 servare
806 2945 861 2997 pro
880 2927 1027 2980 voluntate
1040 2925 1176 2981 vocantia
1187 2942 1240 2997 pet

190 3020 247 3068 uos
264 3011 334 3067 Dei.
370 3012 492 3066 Interim
509 3023 541 3066 tu
559 3030 628 3067 cum
642 3014 816 3069 Culsamero
835 3031 924 3081 cuna,
942 3025 972 3068 ut
985 3014 1085 3084 populi
1097 3015 1241 3086 prematis

190 3099 334 3171 impetum
351 3112 380 3156 et
396 3101 538 3156 illibatum
556 3103 682 3158 servetis
699 3103 851 3172 Evangelii
869 3103 1072 3159 ministerium.
1107 3103 1136 3157 Si
1150 3121 1242 3159 vene.

190 3190 265 3245 ficiis
284 3191 457 3246 interemtus
476 3201 539 3259 est,
556 3189 599 3260 ⁸⁸)
617 3211 672 3247 nec
691 3205 861 3248 accusatore
870 3210 934 3248 'nec
952 3194 1142 3264 exploratore
1161 3210 1239 3265 opus

191 3291 255 3335 est:
282 3281 344 3352 ipse
362 3282 497 3336 Christus
515 3300 570 3354 pro
587 3283 701 3338 Habelo
719 3299 775 3337 suo
793 3285 946 3353 loquetur,
972 3293 1001 3337 et
1024 3300 1080 3337 suo
1103 3295 1240 3354 tempore

189 3372 297 3444 prodet
314 3371 383 3426 Cain
397 3371 506 3440 justius
520 3380 549 3426 et
562 3371 753 3444 oportunius,
771 3389 859 3442 quam
873 3390 929 3427 vos
942 3372 1078 3443 possitis:
1095 3373 1243 3443 patiamur

190 3466 254 3519 lata.
288 3461 445 3515 Caeterum
469 3461 560 3520 credo
587 3460 738 3532 epistolam
762 3476 858 3515 meam
887 3462 973 3515 vobis
1002 3444 1146 3517 redditam
1173 3478 1241 3518 esse

191 3549 323 3612 fideliter.
357 3550 406 3605 Ad
425 3549 619 3621 blasphemos
642 3566 762 3621 quoque
787 3567 873 3605 unam
899 3551 985 3618 misi,
1012 3550 1062 3622 qui
1087 3552 1167 3623 apud
1192 3568 1240 3607 me

242 3801 265 3850 t)
279 3798 367 3850 &trini
381 3797 530 3858 potentian
543 3808 568 3850 ru
581 3798 701 3849 metatur,
714 3776 846 3853 ananei·
859 3809 889 3845 nn
903 3800 1016 3851 uttettrtrt
1029 3806 1082 3846 nont
1094 3801 1127 3846 29.
1140 3799 1240 3854 nutas,

191 3868 415 3999 :l‘sstgtffillll
465 3873 503 3922 ⁶⁸)
518 3870 553 3922 et
565 3878 616 3920 tant
629 3871 809 3955 tet-atramini
828 3871 912 3925 suniat
927 3874 966 3925 rt,
984 3870 1026 3926 toi
1040 3872 1175 3928 nrrtttrtna
1193 3883 1241 3922 trs·
