2574 4724
548 327 637 394 1623.
1055 326 1117 401 389

91 439 107 471 *i
570 466 576 473 .
1026 440 1046 469 .'

91 485 185 540 ’ratia
203 492 233 541 et
249 475 318 557 part.
352 484 513 561 Clarissimi
530 474 594 559 Viri
611 501 645 539 ac
661 481 847 541 venerabiies
870 475 903 541 in'
917 479 1122 555 Qruto2Do.

91 575 153 628 tini.
189 574 339 648 Quoniam
356 575 496 647 equidem
511 591 553 630 ex
568 591 617 629 me
633 573 776 645 poscitis,
793 571 954 646 praescribi
973 570 1059 627 robis
1077 571 1122 625 in.

91 663 206 718 titutum
223 659 358 735 pietatis,
376 681 442 736 quo
454 673 639 737 temperetur
656 664 703 717 illa
720 672 817 717 vestra
829 663 1009 732 mercenarie
1020 660 1123 730 religio

91 753 176 824 empli
194 753 301 808 vestri:
325 770 400 807 ecce
416 753 497 824 quod
514 768 655 822 possum,
679 751 741 821 hoc
759 751 854 819 sapio,
878 750 1124 829 nilaifflqbitana,

91 845 146 913 ,uin
163 845 313 898 intervos
330 844 408 911 sint,
432 845 482 914 qui
498 843 622 899 meliora
639 841 769 913 possint,
794 851 826 896 ut
843 838 1125 917 qui2vpstp;omnia

91 933 180 987 nelina
198 934 316 1001 norint,
334 945 364 988 et
375 944 477 987 nostra
488 950 549 988 non
559 932 712 1003 ignorant:
729 930 928 994 submittimus
937 940 1038 1005 men
1049 931 1126 997 haec

91 1022 183 1076 udicio
201 1031 303 1076 vestro
319 1022 457 1078 libenter.
729 1084 734 1092 .

140 1112 292 1185 Imprimis
309 1111 336 1167 si
353 1112 391 1167 ita
409 1122 471 1180 est,
499 1111 544 1177 (ut
564 1110 653 1185 aliqui
669 1111 762 1167 vestri
778 1121 923 1180 testantur
927 1112 953 1179 ,)
971 1110 1128 1166 mistarum

91 1212 197 1257 starum
215 1201 308 1255 chaos
324 1200 373 1257 vel
384 1184 520 1271 magnarii
532 1203 637 1257 saltem
649 1212 764 1275 partem
774 1218 830 1273 per
848 1201 987 1263 ebriosos
998 1210 1035 1267 ¹et
1052 1200 1130 1256 osci.

91 1303 169 1346 antes
193 1291 329 1364 homines
355 1291 515 1360 celebrari,
542 1290 591 1362 qui
615 1306 741 1364 prorsus
764 1290 993 1365 nihilapectant
1011 1290 1068 1346 nisi
1084 1272 1149 1361 luss·

91 1397 180 1448 irum,
199 1381 278 1453 quod
296 1370 384 1436 boa&
400 1396 456 1435 auo
473 1389 523 1434 aut
539 1380 626 1436 officii
644 1381 690 1436 sui
709 1379 826 1435 ludrico
839 1390 979 1455 captante
994 1379 1028 1435 lai
1044 1396 1130 1453 pror.

96 1488 129 1525 us
147 1481 215 1526 sunt
233 1465 280 1527 vel
297 1470 496 1540 excludendi,
513 1471 561 1527 vel
579 1472 615 1525 ad
632 1469 825 1539 sobrietatem
840 1457 1150 1541 cogendi.‚-„Frustrp'

95 1560 153 1614 nim
170 1560 365 1632 praesumitur
382 1560 511 1615 officium
530 1571 578 1614 ant
596 1575 690 1631 opus,
717 1560 894 1631 praesertim
917 1561 946 1614 iu
963 1574 996 1613 re
1014 1560 1126 1629 divina,

91 1649 125 1703 bi
143 1666 307 1722 personae.
326 1660 466 1720 quantum
485 1647 547 1703 lieri
564 1644 683 1720 pote'st,
704 1664 765 1702 non
781 1648 947 1703 habeantur
961 1649 1096 1704 idoneaea

141 1737 297 1807 Secundo,
324 1739 460 1810 personis
475 1727 600 1792 ⁸idoneis
624 1737 748 1792 retentis
767 1738 834 1813 ,vet
846 1738 944 1811 deum
972 1739 1108 1793 assumtis
1119 1779 1129 1807 ,

91 1828 256 1897 ¹brugentur
280 1827 310 1880 in
325 1827 497 1881 universum
519 1816 627 1897 'omnes
653 1826 826 1901 missae-,pp
843 1825 960 1895 vigiliae
978 1842 1130 1885 mercena.

91 1919 156 1986 iae,
173 1935 235 1975 non
251 1917 449 1979 advertendo,
464 1933 501 1971 an
518 1916 607 1989 aliqui
624 1902 795 1971 adhuc'non
811 1917 989 1986 intelligant,
1005 1919 1130 1986 acinon

91 2008 241 2076 ntelligere
266 2006 403 2079 possint,
418 2006 598 2061 missarum.
610 2004 730 2081 istarum
752 2021 842 2061 usum
867 2021 935 2077 esse
952 2007 1132 2078 sacrilegum

91 2108 111 2153 et
128 2097 376 2165 abominabilem,
393 2107 552 2168 postquam
567 2095 639 2155 natis
656 2096 810 2173 audierunt
829 2106 859 2152 et
875 2096 1013 2166 viderunt
1028 2099 1064 2153 de
1081 2100 1130 2162 hia

91 2188 169 2244 ebus
186 2188 280 2242 ferme
298 2196 361 2241 toto
378 2185 509 2242 biennio.
541 2185 650 2259 Neque
667 2186 724 2241 sub
741 2202 810 2256 rege
826 2185 913 2241 Josia
936 2204 1042 2243 omnes
1059 2205 1129 2260 pro.

91 2279 186 2333 »herae
202 2278 273 2334 Baal
299 2276 496 2347 intelligebant
519 2287 661 2331 annesae
686 2276 789 2349 impia,
814 2293 893 2349 quos
910 2288 1009 2345 tranen
1023 2278 1128 2337 lorias

91 2385 137 2425 ion
154 2368 320 2442 spectabat,
343 2385 414 2423 cum
431 2366 550 2423 illorum
567 2367 728 2438 idolatriam
744 2378 880 2423 vastaret.
914 2368 1031 2437 Deinde
1050 2369 1128 2426 alind

91 2470 126 2514 est
142 2461 267 2516 tolerare
285 2458 417 2513 iulirmos
436 2457 464 2513 in
483 2457 572 2513 rebus
589 2456 724 2525 neutris,
745 2456 802 2525 sed
818 2458 848 2513 in
865 2456 956 2513 rebus
972 2460 1125 2517 manifeste

91 2550 173 2618 naplis
200 2549 320 2619 impium
345 2560 391 2603 est
414 2548 557 2617 tolerare,
581 2565 674 2622 eaque
696 2549 841 2620 impietate
867 2559 981 2605 certum
1005 2561 1124 2613 estnon

91 2655 200 2710 puoqne
226 2639 340 2710 pollui,
366 2640 391 2694 si
417 2640 521 2694 diutius
546 2639 691 2695 ferremus
708 2640 851 2722 tacendo,
874 2640 961 2696 sicuti
978 2642 1124 2701 hactenus

91 2732 233 2784 acuimus.
1117 2782 1120 2789 ,

142 2818 268 2885 'I'ertio,
292 2814 468 2886 matutinae,
489 2819 673 2891 vespertinae
697 2818 790 2886 horae
815 2822 1044 2893 completorium
1063 2839 1124 2876 rna.

91 2920 164 2963 leant
174 2949 184 2978 ,
196 2910 198 2915 '
211 2908 255 2963 sic
280 2920 377 2963 tamen
404 2919 434 2965 ut
457 2911 493 2964 de
511 2911 817 2982 tempore'cantilenae
837 2924 990 2967 cantentur
1006 2914 1104 2968 solum
1114 2950 1123 2982 ,

91 3016 113 3052 >c
133 3000 168 3052 de
186 3000 272 3053 nullis
291 2999 422 3067 Sanctia,
449 2999 504 3054 nisi
522 2994 598 3071 qu'os
615 3018 632 3055 e
649 3001 800 3075 Scriptura
815 3002 971 3059 habemus.
1005 3001 1045 3055 Et
1062 3001 1123 3054 col.

91 3100 171 3144 ectae
187 3090 234 3144 vel
253 3090 381 3156 cantica,
398 3106 474 3162 quae
492 3101 599 3146 sonant
614 3093 790 3148 Sanctorum
807 3092 959 3162 suffragia,
974 3100 1125 3159 mutentur

91 3166 214 3235 :ollcctis
232 3191 261 3235 et
279 3181 402 3235 canticis
421 3181 456 3234 de
475 3190 619 3253 tempore.
722 3238 726 3245 ,
1119 3225 1123 3237 .

142 3269 228 3324 Loco
254 3281 351 3326 autem
376 3271 534 3350 missarum
559 3271 607 3338 liat
623 3272 680 3328 sub
696 3273 845 3333 matutinis
872 3281 940 3327 ante
959 3272 1003 3327 Te
1020 3270 1126 3326 Deum

91 3360 263 3429 audemus,
280 3362 366 3416 lectio
384 3363 492 3416 veteris
507 3363 708 3431 Testamenti,
726 3380 795 3417 cum
812 3361 1039 3428 exhortatione,
1056 3379 1127 3433 apo.

91 3452 188 3504 tolico
209 3452 267 3505 ritu
290 3461 318 3506 et
339 3453 597 3524 interpretatione,
620 3451 653 3509 ut
676 3461 700 3515 1,
719 3455 787 3517 Cor.
806 3454 885 3508 XIV.
903 3454 1023 3521 legitur:
1048 3453 1126 3513 hane

91 3551 210 3596 iraestet
226 3542 416 3613 Praepositus
434 3544 481 3598 rel
499 3547 548 3617 qui
566 3545 723 3615 placuerit.>
1120 3590 1124 3599 .

142 3630 266 3702 Vesperi
286 3633 387 3687 itidem
405 3633 494 3703 lectio
507 3632 588 3689 Novi
600 3635 787 3689 Testamenti
801 3650 871 3688 cum
888 3632 1127 3703 interpretatione

91 3722 141 3788 iat,
160 3737 250 3792 quam
267 3722 309 3776 D.
324 3721 532 3796 Ambsdorfius
550 3723 598 3777 vel
615 3724 688 3777 alius
701 3732 846 3793 praestat,
863 3723 951 3795 idque
967 3722 1129 3794 pulchrum

91 3820 159 3864 sset
176 3821 242 3864 ante
260 3811 465 3885 Magnificat
482 3812 544 3866 lieri
561 3811 629 3866 loco
645 3812 825 3883 hpannorum
842 3811 888 3864 vel
906 3822 975 3882 post
986 3813 1126 3882 hymnos

95 3901 313 3970 lompletorium
327 3903 395 3971 jure
414 3902 542 3956 nominis
561 3913 591 3956 et
605 3900 757 3970 significati
783 3900 827 3956 aui
846 3911 915 3975 post
932 3918 1057 3958 coenam
1073 3916 1131 3978 sta.
1213 3940 1216 3946 -

93 3990 133 4044 im
153 4000 218 4046 ante
235 4006 374 4055 somnum
392 3993 534 4064 compleri
552 3991 719 4063 oportebat.
777 3987 785 4059 ’,
