2574 4724
195 295 258 366 286
672 299 760 370 1523.

228 459 253 515 t.
270 454 418 526 81111111.
549 494 551 498 ⁷
815 503 816 508 κ
959 457 1018 516 Nl.
1037 456 1205 519 ccccm

554 606 603 677 tta
626 606 748 678 ment.
771 606 874 680 diat.

243 765 400 818 entatttttuna
413 771 497 817 tumet
509 764 681 818 autaeurttntr
693 762 798 814 sitiunt.
825 763 880 814 lta!
898 764 939 817 tait
957 765 998 812 lut
1011 763 1147 817 suriilsltm
1159 771 1238 812 matt·

194 839 276 890 latitat
289 838 327 889 tna
341 838 405 889 turta
419 837 544 890 ttnttraalt
556 846 582 890 ιιι
595 839 682 891 iernen.
708 839 793 895 actast
806 845 851 884 mu
865 838 903 883 ser
914 835 1112 888 scatiscentes
1124 834 1173 884 stit
1185 836 1240 895 peta

192 922 232 968 tra
246 915 323 966 stata
336 920 413 966 uraca
425 913 464 959 tar
476 911 613 965 sasantina
627 911 660 957 tn
672 910 850 964 &casinensia
862 920 893 958 att
905 909 936 970 ἐμ
948 917 971 958 a.
983 910 1118 966 montosa
1135 911 1187 966 nat.
1199 914 1239 987 stat

194 987 289 1044 uastata
302 985 378 1038 ulrici.
1031 985 1032 988 ’

297 1181 349 1232 dita
362 1178 565 1225 aurifaberll.
580 1179 623 1227 112.
648 1178 747 1230 sautia
760 1178 801 1231 sta
819 1175 990 1229 wallum.
1016 1176 1076 1232 111111»
1089 1176 1134 1228 VI.

192 1317 306 1417 Gratia
323 1370 352 1415 et
368 1376 427 1432 pax
451 1361 481 1415 in
499 1360 630 1415 Christo.
662 1358 792 1415 Veniunt
814 1359 851 1415 ad
865 1367 893 1414 te
915 1358 948 1413 hi
966 1359 1025 1415 duo
1043 1358 1152 1417 tratres
1170 1374 1238 1415 cum

192 1451 285 1506 literis
303 1463 331 1505 et
344 1451 457 1517 causis,
475 1460 508 1504 ut
523 1451 606 1506 vides
615 1489 625 1517 ,
641 1450 751 1522 optime
762 1449 961 1518 Wenceslae,
977 1455 1114 1521 petentes
1133 1459 1165 1505 et
1179 1466 1240 1507 me.

191 1557 240 1594 am
256 1542 292 1594 ad
308 1550 338 1596 te
355 1538 611 1595 intercessionem.
644 1537 710 1609 Ego
728 1539 753 1593 si
774 1539 804 1593 in
820 1548 870 1595 tuo
888 1539 958 1594 loco
976 1553 1091 1606 essem,
1120 1538 1238 1611 quando

192 1630 441 1685 abominationem
464 1628 549 1683 istam
565 1625 642 1684 liniri
663 1637 801 1700 oportet,
826 1629 965 1682 auderem
988 1638 1018 1682 et
1035 1629 1136 1682 darem
1152 1628 1239 1684 Prin.

192 1720 249 1791 cipi
266 1719 411 1773 licentiam
429 1727 458 1772 et
474 1733 672 1786 consensum,
695 1728 728 1770 ut
744 1717 806 1770 istis
822 1716 998 1789 pauperibus
1016 1716 1153 1771 succurri
1170 1733 1240 1790 pos.

191 1810 228 1865 sit
239 1819 320 1881 parte
332 1807 426 1879 aliqua
439 1806 622 1878 perditorum
632 1805 792 1865 bonorum.
816 1805 884 1861 Nec
901 1806 952 1861 hic
964 1815 1150 1878 spectarem,
1169 1805 1239 1880 quid

190 1899 346 1955 vicariatus
364 1898 392 1952 in
408 1896 542 1951 futurum
554 1905 634 1951 esset
650 1904 841 1961 causaturus,
858 1895 987 1950 maxime
1001 1913 1070 1950 cum
1081 1897 1189 1969 reliqui
1201 1910 1239 1951 ex

191 1991 299 2046 eodem
316 1998 466 2043 conventu
483 1987 531 2042 vel
548 2000 657 2042 census
672 1986 813 2040 retineant
829 1987 876 2041 vel
888 1986 1020 2041 auferant
1036 1987 1148 2057 absque
1167 1976 1239 2042 coa‘.

190 2097 279 2137 sensu
296 2090 348 2134 tuo
367 2089 416 2132 aut
431 2078 598 2133 vicariatus.
632 2075 722 2131 Vides
740 2077 816 2130 enim
835 2075 886 2151 hic
904 2074 1054 2145 charitati,
1078 2076 1139 2133 illic
1163 2092 1237 2132 vero

190 2182 290 2224 merae
307 2168 446 2241 impietati
458 2166 563 2222 serviri
574 2205 583 2235 ,
600 2174 634 2221 ut
649 2175 763 2221 taceam
774 2165 899 2220 istorum
911 2163 1063 2237 penuriam
1076 2175 1106 2222 et
1118 2166 1237 2221 illorum

189 2261 363 2330 sacrilegam
374 2258 615 2330 prodigalitatem.
643 2257 700 2313 Fac
713 2257 809 2328 igitur,
825 2264 857 2310 ut
872 2256 979 2312 audeas
998 2267 1027 2311 et
1044 2256 1144 2326 iacias,
1157 2257 1236 2331 quod

190 2351 326 2408 Domino
344 2351 438 2420 placet
462 2359 491 2403 et
513 2347 685 2402 hominibus
704 2348 847 2418 displicet.
883 2345 1067 2401 confirmare
1085 2357 1115 2402 te
1139 2348 1237 2403 dicent

190 2442 312 2496 fratrum
331 2440 503 2494 discessum.
538 2436 619 2511 Quid
645 2436 732 2492 inde?
758 2437 898 2491 Animum
915 2438 993 2491 forte
1011 2437 1109 2491 adhuc
1125 2437 1235 2492 habent

191 2529 306 2587 dicendi
324 2540 354 2582 et
365 2528 536 2598 judicandi,
555 2536 585 2581 et
602 2535 633 2580 tu
652 2527 695 2580 sic
714 2527 873 2581 occasione
890 2527 994 2581 merita
1011 2527 1046 2579 ab
1065 2527 1122 2582 illis
1139 2527 1236 2584 absol.

195 2619 274 2675 veris
299 2628 422 2689 propter
443 2617 557 2671 bonum
580 2631 667 2686 opus.
707 2614 773 2686 Ego
799 2617 877 2669 enim
902 2616 1022 2670 omnino
1045 2633 1155 2673 censeo
1179 2633 1236 2673 non

191 2706 435 2781 praetereundam
457 2704 535 2758 hanc
559 2703 707 2776 Principis
734 2715 932 2775 opportunam
956 2703 1156 2775 voluntatem,
1176 2722 1234 2780 qut

191 2812 276 2854 titum
294 2795 365 2868 petit
383 2810 575 2854 consensum.
608 2793 673 2849 Erit
692 2796 768 2848 sorte
786 2795 847 2848 hoc
865 2794 978 2849 initium
996 2797 1031 2848 ad
1049 2797 1120 2864 alia,
1143 2807 1173 2854 et
1188 2812 1233 2852 ne.

190 2905 242 2944 tuo
260 2901 364 2959 postea
380 2885 498 2940 audebit
515 2867 688 2956 Principem
705 2884 932 2955 repetundarum
955 2890 1094 2955 arguere,
1119 2898 1148 2942 et
1166 2889 1234 2943 inte.

190 2981 246 3035 rim
264 2979 300 3032 ab
317 2975 466 3048 Aegyptiis
489 2975 523 3028 ad
543 2973 677 3029 Ebraeos
696 2975 894 3043 transtuleris,
914 2992 988 3047 quae
1006 2976 1063 3031 illis
1081 2978 1231 3035 debentur.

190 3071 241 3126 De
259 3069 308 3123 his
324 3067 405 3122 satis.
1096 3085 1100 3095 ·

255 3181 402 3257 Princeps
415 3176 566 3247 Georgius
579 3179 614 3232 ad
630 3196 678 3233 me
690 3180 811 3251 scripsit
823 3180 942 3250 injurias
954 3182 1146 3252 expostulans
1159 3199 1232 3255 mag·

192 3272 276 3327 nifica
292 3271 405 3336 bucca,
427 3285 507 3323 arne
526 3269 710 3337 interrogans
729 3271 764 3324 de
781 3269 915 3341 Epistola
932 3271 967 3324 ad
986 3270 1196 3327 llartmuthum
1210 3276 1231 3335 ¹)

192 3359 497 3428 Cronenbergensem.
531 3357 571 3412 Et
588 3374 643 3426 ego
662 3361 818 3430 respondi,
844 3376 919 3430 quae
936 3360 989 3414 vix
1005 3359 1147 3431 placitura
1163 3364 1230 3428 siut,

192 3467 248 3507 suo
271 3462 404 3520 tempore
427 3446 540 3502 videbis
563 3447 716 3517 utriusque
740 3451 899 3519 exemplar.
933 3447 1141 3520 Nurmbergae
1158 3467 1231 3507 noso

195 3541 292 3595 edicto
309 3537 398 3591 libelli
416 3537 474 3589 mei
491 3535 574 3590 vetiti
591 3544 677 3602 sunt,
698 3536 750 3590 sed
767 3554 871 3608 parum
889 3547 1017 3591 curatur.
1051 3537 1123 3593 Vale
1141 3553 1170 3595 et
1186 3554 1231 3596 ort

183 3630 325 3702 prome.
359 3624 596 3693 Witembergae,
614 3623 661 3678 die
679 3624 765 3679 altera
782 3624 979 3696 Epiphaniae,
999 3625 1186 3685 Mnxxnt.

820 3732 859 3788 Τ.
877 3732 1023 3789 Martinus
1040 3732 1205 3792 Lutherus.

242 3986 263 4038 1)
275 3981 370 4028 sarit.
390 3981 566 4034 llatlmammm.
