2574 4724
536 320 625 386 1522.
820 273 824 283 ¹
1044 312 1105 382 265

59 487 77 508 -·
92 475 133 534 19.
151 469 344 535 metentur.
793 472 844 530 N0.
861 470 1072 530 ccccxmv.

418 596 741 670 trullissetur.

105 731 207 783 uitium
220 731 380 782 studiturus:
402 736 448 779 sau
465 731 587 790 petendis
605 738 651 779 ton
669 731 774 786 adtritu
787 731 920 784 Βιιιιιιιιιιι
938 731 984 776 unt
1000 729 1037 775 lte
1049 728 1107 779 uus·

57 805 154 855 nutum
173 803 253 853 utine
266 805 307 850 tus
321 805 477 857 ριιιιιιῐίιιιιι
491 804 516 851 lu
536 803 772 855 mortiveuttditent
790 801 875 854 intua
895 800 1042 854 (intuitum
1055 800 1105 847 etue

57 876 218 929 mentiuntur
237 877 272 923 tle
285 878 442 934 uttttstsuuu
456 878 494 924 lei
507 878 535 925 u.
549 879 576 927 t.
590 876 738 929 sentiendi)
757 883 803 923 tun
815 877 854 922 ott·
864 875 1033 926 tntidtltlitntu
1047 874 1105 920 tint·

57 952 132 999 uerti
156 948 236 998 tundit
252 952 291 995 ter
307 948 461 1002 statuunt
480 951 505 996 tn
523 948 630 1004 munden
652 950 701 996 tem
719 947 854 1001 udstlldun
876 950 974 1001 emmer
992 948 1104 1001 sentiens

56 1028 102 1068 ιοιι
121 1023 159 1069 tte
178 1021 295 1074 r'duediten
313 1022 459 1077 stututtuus
477 1024 541 1070 etuti
558 1022 658 1074 mincis
677 1024 701 1069 tu
720 1022 882 1076 &inniteris
902 1019 987 1070 enttld
1004 1028 1050 1067 ten
1067 1023 1106 1066 tte

58 1095 215 1152 uemtesunn
228 1094 266 1141 tel
280 1095 309 1143 u
321 1104 346 1141 ιι.
359 1097 390 1144 st.
404 1097 431 1145 ἵ.
740 1101 742 1105 ’
1009 1120 1011 1125 ·

163 1284 431 1338 sseuAurllabsrll.
445 1288 478 1336 is.
502 1287 602 1342 mli&
615 1286 763 1342 &niuniu
775 1287 828 1334 xv.
854 1287 914 1342 lirin
928 1286 999 1333 xcv.
1037 1336 1039 1340 ,

61 1398 173 1498 Gratia
190 1452 220 1499 et
237 1460 304 1514 pax.
337 1431 431 1501 Mitto
449 1461 554 1500 canem
569 1445 770 1517 promissum,
796 1454 827 1498 ot
847 1453 1006 1516 superetur
1021 1459 1108 1514 scep-

60 1542 141 1587 trum
164 1534 313 1589 exactoris
338 1535 415 1601 mei,
442 1535 496 1589 sed
518 1551 594 1605 opus
617 1544 681 1602 est,
706 1545 738 1588 ut
763 1535 882 1606 pectine
906 1533 1036 1604 quotidie
1058 1533 1106 1587 vel

62 1624 152 1677 altero
171 1623 217 1676 die
240 1622 366 1677 mundes
386 1640 464 1678 eum.
498 1623 614 1679 Literas
638 1624 770 1694 Stnupitii
788 1636 853 1678 non
875 1623 1023 1692 intelligo,
1047 1622 1106 1676 nisi

61 1713 141 1782 quod
165 1712 270 1784 spiritu
294 1713 475 1786 inanissimas
494 1713 598 1782 video,
624 1730 658 1768 ac
676 1730 753 1781 non,
779 1723 813 1767 ut
829 1711 961 1779 solebat,
986 1711 1106 1779 scribit,

61 1802 212 1858 Dominus
231 1813 351 1856 revocet
369 1818 446 1858 eum.

127 1897 213 1972 Quae
231 1899 410 1971 Antverpiae
435 1882 516 1969 gesta
541 1909 627 1967 sunt,
652 1899 742 1954 credo
766 1906 796 1953 te
819 1913 928 1965 nosse,
951 1872 1107 1968 quomodo

62 1988 204 2043 mulieres
221 1988 251 2042 vi
268 1989 437 2065 nomicum,
445 1989 606 2044 liberarint.
640 1989 827 2043 Monasterio
851 1985 969 2057 expulsi
985 1988 1107 2053 iratres,

62 2079 108 2132 alii
123 2078 188 2132 'aliis
204 2073 281 2134 locis
298 2079 420 2149 captivi,
447 2079 493 2133 alii
515 2090 621 2149 negato
638 2078 758 2133 Christo
781 2078 912 2145 dimissi,
938 2067 984 2130 elii
1008 2075 1105 2130 adhuc

49 2179 141 2223 ‘stant
159 2168 267 2236 sortes,
292 2170 342 2240 qui
359 2182 454 2223 autem
473 2168 521 2223 filii
539 2169 664 2225 civitatis
680 2177 768 2236 sunt,
793 2169 822 2239 in
839 2168 961 2222 domum
977 2166 1108 2236 Beghar.

62 2252 171 2313 dorum
188 2269 257 2313 sunt
272 2259 397 2315 detrusi:
413 2260 528 2314 vendita
545 2259 642 2314 omnia
653 2274 722 2314 vasa
733 2258 903 2314 monasterii
912 2299 922 2326 ,
940 2266 969 2312 et
980 2256 1110 2312 ecclesia

64 2341 133 2402 eum
150 2348 329 2404 monasterio
348 2350 446 2404 clausa
464 2360 492 2403 et
510 2349 662 2404 obstructa
672 2391 682 2418 ,
698 2349 815 2404 tandem
832 2346 1024 2403 demolienda.
1058 2348 1109 2401 Sa.

63 2430 246 2492 'crumentum
271 2454 338 2491 cum
359 2454 467 2510 pompa
490 2438 519 2492 in
543 2439 699 2494 ecclesiam
722 2438 821 2516 beatae
839 2437 963 2506 Virginis
987 2431 1108 2491 transis.

64 2537 143 2595 tum,
169 2535 304 2596 tanquam
323 2543 338 2579 e
356 2527 425 2581 loco
441 2526 610 2594 haeretico,
635 2537 809 2598 susceptum
826 2525 991 2581 honorilice
1008 2542 1024 2578 a
1041 2525 1107 2580 Do.

64 2617 141 2670 mina
159 2615 344 2684 Margareta:
363 2617 444 2670 cives
463 2618 573 2687 aliquot
592 2627 620 2670 et
637 2618 777 2672 mulieres
794 2627 918 2671 vexatae
931 2626 961 2670 et
979 2617 1106 2686 punitae.

64 2706 131 2776 lpse
150 2705 296 2759 Henricus
315 2704 349 2758 ad
367 2722 423 2760 nos
441 2722 619 2761 ascensurus
636 2707 775 2761 Bremam
796 2708 944 2777 pervenit,
969 2706 1018 2759 ubi
1043 2723 1107 2759 mo.

64 2807 144 2850 ratus
163 2804 192 2848 et
209 2806 328 2864 rogatus
346 2811 361 2847 a
379 2797 490 2866 populo
507 2795 631 2850 verbum
650 2797 757 2862 docet,
776 2796 900 2865 jubente
918 2796 1039 2859 Senatu,
1064 2796 1107 2850 in.

64 2887 125 2942 rito
142 2885 305 2955 Episcopo.
340 2884 422 2939 Miro
439 2886 585 2939 desiderio
603 2896 631 2939 et
653 2896 724 2940 voto
749 2887 874 2955 populus
892 2885 1032 2951 afficitur,
1058 2886 1108 2939 de.

63 2977 152 3045 nique
172 2993 265 3045 nuper
281 2976 317 3029 ad
334 2992 389 3029 nos
406 2977 557 3047 proprium
578 2975 768 3045 bibliopolam
792 2976 878 3047 aliqui
903 2976 1106 3042 instituerunt,

65 3066 114 3136 qui
142 3066 178 3118 ad
204 3081 257 3119 eos
282 3067 355 3119 ferat
378 3065 470 3119 libros
493 3081 532 3120 ex
550 3065 760 3136 Witembergu.
796 3066 864 3136 Ipse
881 3065 1027 3119 Henricus
1045 3081 1060 3116 u
1078 3075 1107 3120 te

65 3155 225 3226 postulavit
241 3156 339 3209 literas
363 3154 588 3224 obedientiales,
615 3157 667 3210 sed
689 3167 941 3228 noupoteramus
966 3154 1107 3223 attingere

66 3256 94 3297 te
112 3257 170 3298 tam
188 3245 282 3299 brevi.
315 3247 386 3299 Ideo
411 3245 545 3300 dedimus
568 3261 623 3300 nos
649 3247 674 3300 ei
698 3246 753 3301 sul)
775 3256 827 3301 tuo
851 3245 988 3313 nomine,
1013 3245 1108 3312 sigillo

64 3335 179 3390 Prioris
197 3336 305 3390 nostri:
332 3345 381 3401 tu,
405 3335 429 3388 si
448 3337 549 3402 voles,
575 3336 687 3406 poteris
711 3335 884 3389 confirmare
907 3347 1042 3389 nostrum
1066 3337 1108 3388 ln.

67 3437 157 3480 ctum.
192 3413 429 3494 Hamburgenses
448 3443 567 3496 quoque
584 3425 707 3478 verbum
726 3426 783 3479 Dei
800 3435 957 3496 quaerunt,
980 3427 1107 3494 expulso

66 3516 189 3570 Officiali
207 3533 274 3569 num
292 3518 365 3580 suis,
383 3516 431 3586 qui
452 3516 478 3569 id
495 3515 655 3586 prohibere
672 3526 809 3570 tentarat:
834 3525 862 3569 et
879 3516 971 3570 Frisia
988 3533 1107 3587 quoque

65 3608 138 3677 petit
154 3607 302 3660 ministros
316 3606 407 3659 verbi.
441 3607 486 3660 Sic
499 3607 573 3676 apud
587 3616 689 3674 gentes
701 3604 838 3659 Christus
851 3594 1013 3676 quaeritur,
1031 3603 1108 3674 apud

63 3714 121 3751 nos
149 3697 282 3751 Jiidaeos
311 3697 531 3751 condemnatur.
584 3695 759 3750 Franciscus
794 3693 945 3762 Siclringen
972 3695 1107 3756 Palatino

64 3787 176 3840 bellum
195 3787 314 3854 indixit,
342 3802 389 3838 res
413 3787 537 3855 pessima
562 3786 658 3838 futura
683 3794 738 3838 est.
770 3785 846 3838 Dux
864 3783 1013 3853 Georgius
1031 3785 1107 3853 agit.

65 3878 141 3929 sicut
159 3876 277 3944 dignum
295 3886 339 3930 est
357 3891 407 3929 sua
421 3886 447 3928 et
460 3875 582 3929 amentia
594 3886 622 3929 et
635 3875 752 3930 stultitia
768 3866 834 3928 c'um
848 3890 904 3931 suo
917 3875 995 3930 idolo
1007 3875 1106 3932 Mers-

66 3966 215 4036 burgensi.
