2586 4710
201 310 241 374 50
678 313 778 376 rtet-n

201 477 229 547 et
245 465 306 520 hoc
323 466 432 522 veritus
449 482 532 534 sum,
555 485 592 522 ne
612 469 737 540 quando*
752 466 824 523 rniiri
847 484 916 523 curn
937 469 1076 525 altemtro
1098 468 1267 539 negotium.

200 557 299 622 fieret,
316 557 434 627 quande
450 558 611 613 Erasmurn
629 576 644 612 a
662 560 829 629 cognitione
846 560 953 629 gratiae
971 561 1164 632 longinquum
1182 577 1249 617 esee

199 647 349 716 viderem,
372 649 422 719 qui
444 666 510 703 non·
523 651 556 703 ad
574 665 714 716 crucem,
738 650 792 704 sed
809 649 844 704 arl
862 666 964 720 pacem
981 638 1093 720 spectet
1108 652 1138 705 in
1156 651 1250 719 omni.

197 735 256 791 irus
274 737 399 807 scriptis.
437 736 512 791 Hinc
525 739 622 791 omnia
634 746 715 809 putat
726 737 849 792 civiliter
859 748 888 792 et
906 738 1109 793 benevolentia
1123 740 1251 810 quadam

197 825 384 880 lnrrnanitatis
405 827 554 880 tractanda
578 827 778 898 gerendaque:
801 827 854 881 sed
875 826 954 880 itanc
967 808 1030 882 non
1047 837 1135 893 curat
1151 828 1252 884 Belle.

197 912 280 969 moth
287 953 297 979 ,
314 931 411 985 neque
427 913 498 969 hinc
516 916 674 984 quicquam
691 930 758 973 sese
776 917 922 970 emendat.
1247 962 1252 989 ,

262 1002 389 1057 Mentior
406 1019 454 1065 me
464 1041 474 1069 ‚
492 1004 562 1056 dum
579 1004 607 1057 in
627 1003 804 1073 praefatione
821 1021 874 1059 sua
891 1004 920 1057 in
933 1004 1056 1059 Novum
1070 1004 1248 1063 Testamen-

196 1103 258 1152 nrm
276 1093 312 1147 de
329 1108 361 1146 ee
379 1092 444 1163 ipso
461 1093 586 1148 diceret:
612 1093 736 1161 glorium
756 1093 839 1148 facile
863 1094 1022 1148 contemnit
1041 1093 1249 1163 Christianus,

196 1183 225 1236 in
242 1183 417 1236 corde‘meo
431 1184 590 1251 cogitasse:
608 1202 627 1237 o
643 1184 766 1239 lirustne
775 1223 785 1249 ,
802 1184 927 1249 falleris,
944 1185 1045 1239 timeo.
1073 1186 1185 1254 Magna
1198 1198 1247 1239 ree

195 1284 242 1331 est
256 1273 379 1342 gloriani
396 1284 599 1329 contemnere.
616 1278 673 1328 'At
697 1273 743 1329 ille
767 1274 810 1328 sic
833 1286 1026 1329 contemnere
1049 1290 1115 1329 earn
1132 1275 1246 1352 volnit,

194 1362 228 1422 ut
246 1373 413 1419 contemtus
430 1378 506 1418 esset
524 1381 583 1417 noa
600 1363 636 1416 ab
652 1363 714 1419 aliie
731 1363 785 1418 sibi
803 1364 916 1431 illatus,
941 1363 994 1418 sed
1017 1364 1093 1434 apud
1111 1380 1178 1419 sese
1194 1369 1247 1418 ω’.

194 1454 309 1520 gitatus.
343 1454 401 1509 Sed
413 1462 580 1509 contemtus
592 1455 702 1523 gloriae
711 1492 727 1531 ,λ
737 1454 761 1506 si
775 1453 803 1507 in
816 1453 909 1508 verbo
921 1453 974 1522 sit,
991 1455 1061 1508 nihil
1074 1465 1135 1511 est:
1152 1455 1244 1521 multo

194 1541 291 1599 minus
316 1542 341 1595 si
364 1541 393 1596 in
418 1543 592 1608 cogitatione
609 1553 723 1597 tantum
744 1542 845 1599 tuerit:
871 1543 923 1596 sed
948 1543 983 1596 in
999 1543 1115 1597 virtute
1132 1550 1179 1597 est
1194 1560 1245 1597 ηε

193 1650 292 1705 quum
308 1631 387 1701 Dei,
404 1631 442 1686 ait
457 1632 577 1688 Paulus.
613 1633 688 1687 Hinc
700 1650 755 1699 ego
767 1631 864 1686 adhuc
876 1633 912 1687 de
925 1632 1003 1685 nulla
1019 1650 1052 1687 re
1070 1648 1160 1687 ausus
1177 1650 1244 1688 sum

193 1740 250 1777 nec
269 1723 542 1793 possum'gloriari,
564 1723 618 1777 nisi
635 1723 672 1776 de
689 1723 782 1777 verlro
799 1722 942 1790 veritatis,
967 1724 1047 1794 quod
1071 1723 1152 1779 dedit
1172 1723 1244 1779 mihi

193 1813 355 1872 Dornintre.

178 1940 181 1957 .
259 1903 352 1971 Igitur
367 1901 486 1958 illorum
504 1901 627 1972 scripta,
644 1904 710 1971 qnia
728 1901 870 1957 abstinent
889 1902 925 1957 ab
943 1902 1141 1973 increpando,
1163 1919 1243 1959 mor.

192 1993 307 2058 dendo,
322 1992 523 2056 offendendo,
541 1990 628 2044 simul
644 1990 716 2045 nihii
734 2005 917 2061 promovent.
949 1991 1079 2047 Civiliter
1096 1993 1176 2047 enirn
1191 1993 1241 2045 ad.

191 2081 295 2137 moniti
313 2079 472 2137 Pontifices
488 2080 543 2134 sibi
563 2080 722 2135 blanditum
747 2091 862 2149 putant,
888 2089 920 2134 et
939 2080 1023 2134 velut
1040 2082 1092 2150 jus
1115 2081 1242 2136 habeant

191 2168 463 2239 incorrigibilitatis,
480 2180 686 2239 perseverant,
704 2169 854 2228 contenti.
869 2168 948 2239 quod
965 2169 1110 2224 tremendi
1123 2170 1197 2236 sint,
1213 2179 1242 2225 et

190 2273 281 2315 tremo
299 2275 353 2314 eos
371 2258 589 2328 reprehendere
605 2258 718 2312 audent·
755 2258 816 2311 llos
828 2268 898 2311 tuus
913 2257 1089 2313 Plutarchus
1102 2258 1131 2313 in
1143 2258 1242 2313 libello

191 2349 227 2401 de
251 2348 418 2401 adulatione
442 2349 563 2402 iomtatt
588 2347 640 2398 sed
666 2345 783 2413 gravius
809 2357 836 2399 et
860 2344 1033 2401 horribilius
1060 2345 1241 2405 Hieremiam

191 2436 402 2501 Maledictus,
424 2422 575 2508 qaisacit
590 2450 671 2504 opus
686 2433 822 2488 Domini
833 2432 1086 2504 fraudulenter:
1111 2435 1241 2507 loquitur

190 2525 268 2578 enirn
286 2525 322 2577 de
340 2540 430 2594 opere
453 2523 537 2591 gludii
561 2522 589 2576 in
610 2521 714 2576 hostes
741 2522 812 2576 Ilei.
845 2522 886 2577 Et
908 2539 964 2592 ego
984 2519 1078 2578 'timeo
1103 2525 1188 2579 vaide
1213 2534 1242 2580 et

189 2630 288 2668 vexor
304 2612 500 2680 conscientia,
515 2611 595 2683 quod
613 2623 664 2665 tuo
676 2623 706 2666 et
718 2613 879 2666 amicornm
892 2614 1014 2668 consilio
1028 2614 1138 2669 cedens
1149 2614 1242 2669 Wor.

188 2707 292 2758 matiae
311 2702 409 2756 rernisi
426 2702 562 2772 spiritum
580 2718 679 2757 nterim
688 2741 698 2768 ,
724 2713 753 2765 ct
778 2703 860 2757 idolis
886 2703 941 2757 iilis
967 2721 1027 2758 non
1053 2703 1243 2758 exhibuerim

188 2793 283 2847 Elianr
308 2792 465 2863 quendum.
500 2790 563 2843 Alia
586 2791 737 2858 audirent,
764 2791 788 2844 si
802 2790 904 2844 denuo
921 2792 1045 2847 sisteret
1061 2810 1163 2848 coram
1181 2794 1241 2848 eie:

189 2883 225 2934 de
243 2879 397 2935 hocsatis.

254 2971 330 3024 Dux
349 2966 498 3044 lohannes
516 2968 615 3021 senior
632 2966 747 3022 taudem
771 2968 871 3035 novit,
896 2967 946 3023 nbi
971 2986 1071 3039 agam,
1094 2969 1243 3026 hactenus

188 3063 325 3128 ignarus:
347 3048 560 3127 hospes'rneus
578 3057 653 3109 elam
670 3057 696 3110 ei
713 3057 843 3127 aperuit,
862 3059 913 3110 sed
934 3057 1008 3112 benc
1026 3059 1143 3115 tacebit.
1175 3059 1243 3127 Ego

187 3150 239 3203 iric
263 3149 338 3203 berre
360 3148 476 3212 habeo,
502 3147 554 3200 sed
580 3162 725 3212 segnesco
746 3161 777 3200 et·
798 3147 975 3215 languesco,
999 3160 1085 3220 arque
1101 3150 1177 3204 adeo
1194 3150 1244 3203 iri.

188 3255 278 3305 gesco
295 3237 399 3307 spiritu
418 3236 515 3288 miser.
551 3234 646 3288 lindie
664 3245 752 3289 sexto
770 3235 815 3286 die
832 3238 953 3289 excrevi
969 3248 1047 3290 tanta
1065 3239 1187 3305 duritia,
1210 3250 1244 3292 ut

188 3345 280 3397 paene
297 3327 422 3379 aninnnn
445 3324 570 3377 efflarirn.
606 3323 696 3379 Neine
715 3325 812 3378 -scdeo
835 3325 953 3392 dolens,
981 3327 1056 3380 sicut
1080 3345 1241 3398 puerpera,

188 3417 269 3470 lacer
291 3432 320 3471 et
342 3431 460 3468 seuerus
478 3425 506 3467 et
531 3424 688 3479 cruentus,
714 3412 770 3468 itae
794 3430 880 3469 necte
907 3432 966 3470 non
991 3415 1166 3485 habiturus,
1192 3420 1245 3472 au't

187 3507 335 3561 modicam
353 3505 490 3574 quietem.
1226 3562 1235 3591 ¹

252 3594 371 3670 Gratias
396 3592 535 3659 Chrisio,
563 3592 612 3661 qui
636 3591 765 3645 mesine
784 3591 912 3663 reliqniis
930 3604 1048 3648 sunctae
1067 3595 1164 3649 crucis
1182 3598 1256 3651 non'

188 3682 372 3752 derelinquit.
403 3683 495 3734 Sanus
513 3697 610 3733 essent
630 3679 665 3732 ab
683 3680 763 3733 omni
776 3682 952 3749 saucedine,
969 3682 994 3735 si
1007 3693 1110 3737 venter
1121 3685 1241 3739 solutus

187 3783 276 3826 esset.
312 3770 405 3843 Quod
422 3771 500 3823 enirn
522 3771 551 3823 in
570 3778 697 3840 quatuor
722 3770 826 3824 diebus
842 3772 886 3836 ¹),
911 3770 940 3824 in
964 3774 1116 3840 egerendo·
1140 3774 1241 3828 denuo

536 3862 699 3876 ...ι-ο..

236 3911 257 3958 tr
279 3906 360 3954 teate
378 3903 495 3961 iterent:
514 3907 575 3958 'ean
588 3904 639 3954 nst
652 3903 678 3950 trr
692 3902 742 3952 lire
755 3905 832 3959 taren
846 3904 892 3958 trit
905 3905 1006 3955 narres.
1025 3929 1052 3943 ·-
1071 3907 1110 3962 ze
1127 3907 1241 3961 irrueret

186 3972 260 4020 straet
273 3968 473 4025 oeaultrieltrnt
735 4012 738 4019 .

400 4104 417 4128 1·
