2574 4724
193 307 256 380 tos
652 311 766 402 tsn.

147 445 149 450 ἱ
244 467 296 525 Μ
308 465 568 516 seekensortsut„
575 424 687 516 trust.
700 469 718 514 l.
732 481 752 514 s.
761 470 794 516 ts
806 466 871 520 §0³7-
883 466 949 524 Μ.
959 459 1243 519 „meoenesuttme

185 541 440 600 ,Dmssllsski13'’.ltn
453 540 718 589 sunsei-Iterum
731 541 864 598 pil-rint
876 540 970 596 {mest
983 540 1122 588 muutltc
1140 539 1240 590 scutis

179 613 249 693 ..ms
262 610 356 670 stitit
368 613 402 665 e.
415 615 459 663 us
473 615 561 666 utini.
579 615 619 667 tn
632 613 726 664 ueto
739 613 790 659 xv.
803 613 851 661 tst.

194 730 381 827 Reverendo
398 769 433 823 in
450 767 577 826 Christo
593 769 709 837 Patri,
725 768 769 825 D.
785 766 947 835 dommi,
963 763 1084 822 Abbati
1099 767 1134 821 S.
1149 762 1240 822 Petri

260 859 339 914 Ord.
356 858 553 915 Benedictim'
569 856 794 933 Salisburqm,
811 857 921 913 sucin
937 855 1079 914 Domino
1092 856 1240 927 Maiori,

257 947 358 1006 Patri
372 955 404 1004 et
418 947 637 1022 Praeceptori.
655 951 681 1014 ¹>

172 1096 308 1200 ‘Gratia
332 1154 363 1200 et
378 1161 437 1217 pax
461 1144 491 1200 in
515 1144 549 1200 C.
568 1143 593 1200 l.
609 1145 652 1200 D.
669 1143 730 1215 N.‚
752 1144 915 1214 reverende
937 1144 966 1199 in
992 1142 1116 1199 Christo
1141 1142 1238 1200 Pater.

192 1231 341 1304 lnlustum
363 1242 410 1289 est
430 1233 521 1289 nimio
544 1233 692 1290 silentium
712 1245 815 1305 tuum,
839 1234 875 1290 de
899 1250 960 1305 quo
981 1242 1015 1287 ut
1035 1247 1094 1288 nos
1112 1233 1239 1302 cogitsre

193 1322 371 1391 debeamus,
389 1323 453 1395 ipse
471 1323 557 1378 facile
574 1324 730 1396 perspicis.
764 1325 822 1380 Sed
837 1339 894 1379 nos
910 1331 990 1378 certe
1007 1322 1120 1378 etiamsi
1135 1320 1240 1380 desivi.

193 1426 261 1466 mus
281 1411 334 1468 tibi
351 1411 474 1479 gratiae
490 1413 588 1484 placiti
606 1430 693 1481 esse,
711 1423 809 1468 tamen
826 1413 867 1469 tui
878 1428 940 1468 non
952 1413 1036 1467 decet
1054 1397 1239 1468 esse⁸imme

183 1510 295 1581 ¹suttre's
312 1508 342 1557 et
357 1500 507 1571 ingratos,
530 1518 688 1575 perquem
705 1503 835 1577 primum
850 1503 949 1575 coepit
967 1501 1119 1574 Evangelii
1136 1503 1189 1558 lux
1206 1504 1239 1557 dc

193 1590 324 1647 tenebris
341 1592 550 1663 splendescere
572 1592 601 1647 in
619 1593 759 1649 cordibus
776 1594 898 1649 nostris.
932 1593 989 1648 Sed
1005 1593 1067 1648 hoc
1086 1594 1176 1650 etiam
1191 1611 1239 1648 ve.

194 1686 263 1738 rum
280 1696 349 1736 esse
366 1681 478 1751 leteor,
501 1681 590 1738 nobis
608 1682 702 1738 fuisse
719 1683 886 1754 acceptius,
911 1693 941 1738 tc
958 1700 1019 1740 non
1042 1700 1112 1741 esse
1130 1685 1239 1740 sactum

182 1771 369 1846 ‚Abbatemn
382 1788 461 1826 nunc
482 1787 552 1826 cum
576 1773 678 1840 factus,
693 1773 752 1841 sis,
777 1772 914 1845 utrinque
937 1772 1009 1827 boni
1032 1775 1240 1839 consulamus,

193 1875 439 1934 unumquemque
462 1877 555 1917 sensu
580 1877 637 1916 suo
662 1860 808 1914 abundare
832 1861 1045 1933 permittamus.
1079 1861 1148 1931 Ego
1172 1879 1240 1918 sane

180 1942 267 2026 {cum
290 1949 350 2005 tuis
372 1937 491 2022 optimis
508 1949 610 2006 amicis
626 1967 687 2006 non
704 1960 764 2010 tem
781 1967 867 2019 aegre
884 1950 1027 2018 ferimus,
1044 1967 1113 2008 esse
1130 1961 1159 2007 te
1176 1953 1241 2008 alie-

181 2032 267 2095 num
285 2056 299 2092 s
317 2039 422 2109 nobis,
440 2056 527 2113 quem
544 2041 625 2112 quod
642 2049 779 2096 monstro
796 2041 836 2096 illi
854 2043 986 2107 famoso,
1010 2041 1156 2098 cardinali
1174 2052 1240 2110 tuo,

180 2129 333 2203 ⁸proprius
346 2122 442 2186 factus
460 2146 511 2198 es,
528 2131 577 2186 cui
589 2148 664 2202 quae
677 2131 764 2187 libert
776 2148 810 2186 nc
822 2131 908 2187 liceat
919 2132 1037 2201 furere,
1055 2133 1138 2188 orbis
1151 2149 1242 2206 ptrue

193 2221 349 2286 confert,
372 2218 449 2274 haee
466 2228 563 2274 tsmen
580 2227 614 2273 tu
630 2220 708 2275 ferre
733 2231 763 2275 et
779 2230 877 2276 tacere
896 2221 1023 2290 cogeris.
1056 2221 1194 2290 Mirum,
1218 2222 1243 2279 si

178 2302 258 2364 ¹uon
276 2306 429 2364 Christum
445 2325 552 2379 negare
570 2309 756 2380 pericliteris.
788 2306 919 2365 Pr0inde
936 2326 992 2365 nos
1018 2327 1140 2366 oremus
1159 2313 1244 2384 plsnc

195 2408 226 2451 et
243 2407 397 2478 optamus,
422 2409 450 2452 te
466 2397 551 2453 nobis
569 2398 669 2467 reddi,
696 2410 725 2453 et
741 2399 889 2454 redditum
905 2400 966 2454 dari
988 2416 1028 2455 ex
1046 2400 1131 2455 istius
1148 2411 1245 2473 tyran.

194 2485 272 2541 nidis
288 2501 427 2555 earcere,
444 2486 531 2564 idque
548 2503 701 2559 speramus
718 2497 748 2543 et
772 2505 787 2541 s
804 2499 834 2542 te
851 2489 982 2558 cogitari.
1015 2489 1095 2546 Nem
1110 2505 1189 2560 ego,
1212 2501 1246 2547 ut

194 2573 340 2629 hactenus
357 2585 387 2631 te
404 2575 492 2642 novi,
515 2592 577 2631 non
593 2591 719 2649 possum
743 2576 803 2631 ullo
820 2577 912 2632 modo
930 2579 989 2633 duo
1014 2577 1068 2633 ists
1087 2581 1246 2652 pugnantis

181 2680 402 2737 componere,
427 2681 533 2738 nempe
556 2675 589 2719 ut
614 2653 691 2722 idem
714 2666 774 2737 sis,
800 2667 849 2738 qui
873 2667 981 2733 fueris,
1005 2669 1030 2723 si
1055 2670 1098 2725 sic
1122 2687 1245 2727 manere

195 2754 351 2820 statueris,
376 2765 426 2810 aut
449 2757 474 2811 si
499 2755 577 2811 idem
603 2757 662 2826 sis,
688 2774 749 2814 non
772 2757 887 2812 aliunde
912 2759 1042 2814 moliaris
1065 2760 1244 2816 discessum.

193 2844 271 2898 Cum
287 2854 384 2900 sutem
398 2845 506 2915 optima
517 2848 677 2916 cogitemus
696 2845 879 2917 et‘optemus
893 2848 963 2917 tibi,
980 2850 1131 2918 posterius
1148 2851 1247 2907 adhuc

193 2942 330 2990 tenemus
354 2949 409 3006 spe
433 2934 530 3007 bons,
560 2935 627 2992 licet
650 2936 791 2993 diuturno
815 2948 868 2994 tuo
892 2938 1007 3001 silentio
1031 2939 1101 2995 sutis
1127 2941 1247 2999 fortiter

180 3021 317 3098 pulsatu.

258 3170 359 3242 ltaque
384 3168 443 3225 hec
466 3172 579 3227 ratione
605 3187 693 3228 rusus
711 3189 778 3229 sum
794 3171 850 3229 hss
875 3173 911 3229 sd
934 3173 1050 3229 tedere
1068 3173 1245 3245 iiterss'pro

153 3258 156 3264 ’
190 3259 281 3316 tratre
299 3259 447 3331 Achetio,
474 3261 516 3316 tui
537 3263 709 3318 monasterii
726 3264 875 3334 quondam
899 3263 1033 3337 captivo,
1056 3280 1137 3319 nunc
1160 3260 1247 3319 Chri.

79 3413 84 3417 ,
191 3349 249 3417 sti,
266 3365 374 3422 spero,
400 3349 518 3406 liberto.
554 3350 636 3426 Quin
652 3353 678 3407 si
695 3353 760 3407 t'slis
776 3351 864 3407 nobis
881 3369 934 3421 es,
953 3352 1048 3424 qualis
1065 3353 1167 3420 stricti,
1183 3371 1245 3410 non

190 3446 305 3496 tantum
322 3440 417 3495 audeo
433 3441 551 3496 veniam
567 3459 622 3513 pto
640 3442 691 3497 illo
707 3452 827 3514 petere,
844 3441 926 3514 quod
942 3443 1055 3511 sulugit
1070 3444 1134 3499 sine
1152 3444 1245 3502 licen.

191 3518 230 3585 tis
256 3527 360 3600 (quam
377 3545 465 3602 spero
483 3530 529 3586 isti
546 3532 635 3586 facies
653 3531 800 3601 egregie),
818 3548 923 3587 verum
941 3532 1095 3602 diligenter
1110 3548 1167 3605 pro
1193 3534 1245 3589 illo

192 3616 260 3692 ipso
278 3620 488 3691 obsecrarem,
501 3630 534 3677 ut
551 3622 659 3693 aliquid
677 3623 753 3678 eide
765 3621 942 3693 plenitudine
954 3623 1057 3694 optimi
1069 3624 1244 3679 monasterii

192 3709 235 3765 tui
260 3708 477 3783 impertireris,
502 3727 564 3782 quo
588 3710 745 3767 meliorem
769 3709 848 3768 vitre
868 3711 1015 3771 rationem
1039 3711 1111 3771 inite
1137 3722 1245 3788 posset

241 3974 262 4031 tl
275 3973 345 4030 utto
356 3973 398 4028 tet
409 3973 456 4022 Str,
