<?xml version="1.0" encoding="UTF-8"?>
<!DOCTYPE html PUBLIC "-//W3C//DTD XHTML 1.0 Transitional//EN"
    "http://www.w3.org/TR/xhtml1/DTD/xhtml1-transitional.dtd">
<html xmlns="http://www.w3.org/1999/xhtml" xml:lang="en" lang="en">
 <head>
  <title>
</title>
<meta http-equiv="Content-Type" content="text/html;charset=utf-8" />
  <meta name='ocr-system' content='tesseract 3.04.00' />
  <meta name='ocr-capabilities' content='ocr_page ocr_carea ocr_par ocr_line ocrx_word'/>
</head>
<body>
  <div class='ocr_page' id='page_1' title='image "./briefesendschre03luthgoog/briefesendschre03luthgoog_0693.png"; bbox 0 0 2574 4724; ppageno 0'>
   <div class='ocr_carea' id='block_1_1' title="bbox 553 295 1124 374">
    <p class='ocr_par' dir='ltr' id='par_1_1' title="bbox 553 295 1124 374">
     <span class='ocr_line' id='line_1_1' title="bbox 553 295 1124 374; baseline -0.007 -6"><span class='ocrx_word' id='word_1_1' title='bbox 553 306 642 374; x_wconf 70' lang='lat'><strong>1525.</strong></span> <span class='ocrx_word' id='word_1_2' title='bbox 1064 295 1124 366; x_wconf 79' lang='lat'><strong>671</strong></span> 
     </span>
    </p>
   </div>
   <div class='ocr_carea' id='block_1_2' title="bbox 232 459 960 530">
    <p class='ocr_par' dir='ltr' id='par_1_2' title="bbox 232 459 960 530">
     <span class='ocr_line' id='line_1_2' title="bbox 232 459 960 530; baseline 0 -16"><span class='ocrx_word' id='word_1_3' title='bbox 232 459 274 515; x_wconf 76' lang='lat' dir='ltr'><strong>D,</strong></span> <span class='ocrx_word' id='word_1_4' title='bbox 293 460 431 517; x_wconf 85' lang='lat' dir='ltr'><strong>Nicolao</strong></span> <span class='ocrx_word' id='word_1_5' title='bbox 448 463 655 530; x_wconf 81' lang='lat' dir='ltr'><strong>Arnsdorfio,</strong></span> <span class='ocrx_word' id='word_1_6' title='bbox 681 476 738 516; x_wconf 83' lang='lat' dir='ltr'><strong>sno</strong></span> <span class='ocrx_word' id='word_1_7' title='bbox 756 462 790 516; x_wconf 86' lang='lat' dir='ltr'><strong>in</strong></span> <span class='ocrx_word' id='word_1_8' title='bbox 807 460 960 516; x_wconf 85' lang='lat' dir='ltr'><strong>Domino.</strong></span> 
     </span>
    </p>
   </div>
   <div class='ocr_carea' id='block_1_3' title="bbox 46 557 1187 2470">
    <p class='ocr_par' dir='ltr' id='par_1_3' title="bbox 46 557 1187 2470">
     <span class='ocr_line' id='line_1_3' title="bbox 66 557 1123 677; baseline 0 -21"><span class='ocrx_word' id='word_1_9' title='bbox 66 557 181 658; x_wconf 82' lang='lat' dir='ltr'><strong>Gratia</strong></span> <span class='ocrx_word' id='word_1_10' title='bbox 200 615 229 659; x_wconf 87' lang='lat' dir='ltr'><strong>et</strong></span> <span class='ocrx_word' id='word_1_11' title='bbox 247 623 314 676; x_wconf 85' lang='lat' dir='ltr'><strong>pax.</strong></span> <span class='ocrx_word' id='word_1_12' title='bbox 348 607 467 662; x_wconf 88' lang='lat' dir='ltr'><strong>Novam</strong></span> <span class='ocrx_word' id='word_1_13' title='bbox 491 611 612 677; x_wconf 83' lang='lat' dir='ltr'><strong>gloriam</strong></span> <span class='ocrx_word' id='word_1_14' title='bbox 635 610 708 664; x_wconf 82' lang='lat' dir='ltr'><strong>milri</strong></span> <span class='ocrx_word' id='word_1_15' title='bbox 736 610 870 674; x_wconf 86' lang='lat' dir='ltr'><strong>nuntias,</strong></span> <span class='ocrx_word' id='word_1_16' title='bbox 892 607 932 662; x_wconf 91' lang='lat' dir='ltr'><strong>mi</strong></span> <span class='ocrx_word' id='word_1_17' title='bbox 956 603 1123 670; x_wconf 75' lang='lat' dir='ltr'><strong>Antsdorii,</strong></span> 
     </span>
     <span class='ocr_line' id='line_1_4' title="bbox 65 693 1124 770; baseline -0.002 -22"><span class='ocrx_word' id='word_1_18' title='bbox 65 694 148 766; x_wconf 87' lang='lat' dir='ltr'><strong>quod</strong></span> <span class='ocrx_word' id='word_1_19' title='bbox 166 696 299 751; x_wconf 78' lang='lat' dir='ltr'>adulator</span> <span class='ocrx_word' id='word_1_20' title='bbox 313 696 487 768; x_wconf 79' lang='lat' dir='ltr'><strong>Principum</strong></span> <span class='ocrx_word' id='word_1_21' title='bbox 505 715 617 768; x_wconf 88' lang='lat' dir='ltr'><strong>vocer,</strong></span> <span class='ocrx_word' id='word_1_22' title='bbox 640 700 742 770; x_wconf 86' lang='lat' dir='ltr'><strong>quales</strong></span> <span class='ocrx_word' id='word_1_23' title='bbox 760 699 832 752; x_wconf 89' lang='lat' dir='ltr'><strong>mihi</strong></span> <span class='ocrx_word' id='word_1_24' title='bbox 843 698 957 768; x_wconf 50' lang='lat' dir='ltr'><strong>¹glorias</strong></span> <span class='ocrx_word' id='word_1_25' title='bbox 975 696 1023 749; x_wconf 91' lang='lat' dir='ltr'><strong>his</strong></span> <span class='ocrx_word' id='word_1_26' title='bbox 1042 693 1124 747; x_wconf 86' lang='lat' dir='ltr'><strong>annis</strong></span> 
     </span>
     <span class='ocr_line' id='line_1_5' title="bbox 63 769 1124 855; baseline -0.005 -16"><span class='ocrx_word' id='word_1_27' title='bbox 63 769 152 839; x_wconf 82' lang='lat' dir='ltr'><strong>Satan</strong></span> <span class='ocrx_word' id='word_1_28' title='bbox 169 785 277 839; x_wconf 87' lang='lat' dir='ltr'><strong>multas</strong></span> <span class='ocrx_word' id='word_1_29' title='bbox 295 788 463 841; x_wconf 87' lang='lat' dir='ltr'><strong>concitavit.</strong></span> <span class='ocrx_word' id='word_1_30' title='bbox 497 787 563 855; x_wconf 78' lang='lat' dir='ltr'><strong>Ego</strong></span> <span class='ocrx_word' id='word_1_31' title='bbox 589 806 663 842; x_wconf 86' lang='lat' dir='ltr'><strong>vero</strong></span> <span class='ocrx_word' id='word_1_32' title='bbox 680 806 740 842; x_wconf 90' lang='lat' dir='ltr'><strong>non</strong></span> <span class='ocrx_word' id='word_1_33' title='bbox 765 799 823 842; x_wconf 88' lang='lat' dir='ltr'><strong>tam</strong></span> <span class='ocrx_word' id='word_1_34' title='bbox 841 788 986 841; x_wconf 88' lang='lat' dir='ltr'><strong>misereor</strong></span> <span class='ocrx_word' id='word_1_35' title='bbox 1002 795 1124 838; x_wconf 87' lang='lat' dir='ltr'><strong>nostro.</strong></span> 
     </span>
     <span class='ocr_line' id='line_1_6' title="bbox 62 874 1125 952; baseline -0.001 -26"><span class='ocrx_word' id='word_1_36' title='bbox 62 889 132 952; x_wconf 83' lang='lat' dir='ltr'><strong>rum</strong></span> <span class='ocrx_word' id='word_1_37' title='bbox 149 874 332 944; x_wconf 89' lang='lat' dir='ltr'><strong>sciolorum,</strong></span> <span class='ocrx_word' id='word_1_38' title='bbox 360 876 409 947; x_wconf 90' lang='lat' dir='ltr'><strong>qui</strong></span> <span class='ocrx_word' id='word_1_39' title='bbox 428 894 476 930; x_wconf 89' lang='lat' dir='ltr'><strong>me</strong></span> <span class='ocrx_word' id='word_1_40' title='bbox 496 878 662 947; x_wconf 87' lang='lat' dir='ltr'><strong>judicantes</strong></span> <span class='ocrx_word' id='word_1_41' title='bbox 685 894 772 932; x_wconf 83' lang='lat' dir='ltr'><strong>snum</strong></span> <span class='ocrx_word' id='word_1_42' title='bbox 799 878 885 932; x_wconf 90' lang='lat' dir='ltr'><strong>simul</strong></span> <span class='ocrx_word' id='word_1_43' title='bbox 905 877 1041 948; x_wconf 87' lang='lat' dir='ltr'><strong>spiritum</strong></span> <span class='ocrx_word' id='word_1_44' title='bbox 1059 891 1125 928; x_wconf 88' lang='lat' dir='ltr'><strong>san.</strong></span> 
     </span>
     <span class='ocr_line' id='line_1_7' title="bbox 62 964 1124 1045; baseline 0.001 -29"><span class='ocrx_word' id='word_1_45' title='bbox 62 964 226 1045; x_wconf 75' lang='lat' dir='ltr'><strong>guinarintn</strong></span> <span class='ocrx_word' id='word_1_46' title='bbox 251 974 279 1018; x_wconf 87' lang='lat' dir='ltr'><strong>et</strong></span> <span class='ocrx_word' id='word_1_47' title='bbox 302 965 476 1020; x_wconf 84' lang='lat' dir='ltr'><strong>seditiosum</strong></span> <span class='ocrx_word' id='word_1_48' title='bbox 500 966 638 1037; x_wconf 91' lang='lat' dir='ltr'><strong>produnt.</strong></span> <span class='ocrx_word' id='word_1_49' title='bbox 675 968 775 1040; x_wconf 78' lang='lat' dir='ltr'><strong>Quare</strong></span> <span class='ocrx_word' id='word_1_50' title='bbox 797 969 911 1035; x_wconf 80' lang='lat' dir='ltr'>gaudeo</span> <span class='ocrx_word' id='word_1_51' title='bbox 930 964 974 1020; x_wconf 87' lang='lat' dir='ltr'><strong>sic</strong></span> <span class='ocrx_word' id='word_1_52' title='bbox 992 965 1124 1018; x_wconf 86' lang='lat' dir='ltr'><strong>Satanarn</strong></span> 
     </span>
     <span class='ocr_line' id='line_1_8' title="bbox 62 1052 1124 1128; baseline 0.002 -22"><span class='ocrx_word' id='word_1_53' title='bbox 62 1053 204 1121; x_wconf 74' lang='lat' dir='ltr'><strong>indignari</strong></span> <span class='ocrx_word' id='word_1_54' title='bbox 230 1065 260 1109; x_wconf 90' lang='lat' dir='ltr'><strong>et</strong></span> <span class='ocrx_word' id='word_1_55' title='bbox 276 1052 501 1124; x_wconf 78' lang='lat' dir='ltr'>blasphemare,</span> <span class='ocrx_word' id='word_1_56' title='bbox 527 1056 644 1127; x_wconf 85' lang='lat' dir='ltr'><strong>quoties</strong></span> <span class='ocrx_word' id='word_1_57' title='bbox 671 1073 752 1110; x_wconf 89' lang='lat' dir='ltr'><strong>ame</strong></span> <span class='ocrx_word' id='word_1_58' title='bbox 769 1056 905 1125; x_wconf 78' lang='lat' dir='ltr'><strong>tangitur.</strong></span> <span class='ocrx_word' id='word_1_59' title='bbox 941 1055 1022 1128; x_wconf 76' lang='lat' dir='ltr'><strong>Quid</strong></span> <span class='ocrx_word' id='word_1_60' title='bbox 1044 1055 1124 1108; x_wconf 85' lang='lat' dir='ltr'><strong>enim</strong></span> 
     </span>
     <span class='ocr_line' id='line_1_9' title="bbox 46 1127 1123 1220; baseline -0.002 -23"><span class='ocrx_word' id='word_1_61' title='bbox 46 1155 133 1220; x_wconf 20' lang='lat' dir='ltr'><strong>&#39;sunt</strong></span> <span class='ocrx_word' id='word_1_62' title='bbox 150 1143 206 1197; x_wconf 84' lang='lat' dir='ltr'><strong>nisi</strong></span> <span class='ocrx_word' id='word_1_63' title='bbox 220 1127 344 1198; x_wconf 75' lang='lat' dir='ltr'><strong>satanae</strong></span> <span class='ocrx_word' id='word_1_64' title='bbox 363 1145 426 1199; x_wconf 90' lang='lat' dir='ltr'><strong>illae</strong></span> <span class='ocrx_word' id='word_1_65' title='bbox 444 1162 553 1213; x_wconf 89' lang='lat' dir='ltr'><strong>voces,</strong></span> <span class='ocrx_word' id='word_1_66' title='bbox 579 1145 686 1217; x_wconf 83' lang='lat' dir='ltr'><strong>quibus</strong></span> <span class='ocrx_word' id='word_1_67' title='bbox 703 1156 751 1200; x_wconf 87' lang='lat' dir='ltr'><strong>me</strong></span> <span class='ocrx_word' id='word_1_68' title='bbox 774 1157 804 1200; x_wconf 87' lang='lat' dir='ltr'><strong>et</strong></span> <span class='ocrx_word' id='word_1_69' title='bbox 822 1145 1006 1215; x_wconf 80' lang='lat' dir='ltr'><strong>Evangelion</strong></span> <span class='ocrx_word' id='word_1_70' title='bbox 1024 1145 1123 1199; x_wconf 89' lang='lat' dir='ltr'><strong>trado.</strong></span> 
     </span>
     <span class='ocr_line' id='line_1_10' title="bbox 61 1232 1121 1306; baseline 0.004 -20"><span class='ocrx_word' id='word_1_71' title='bbox 61 1247 133 1288; x_wconf 87' lang='lat' dir='ltr'><strong>cere</strong></span> <span class='ocrx_word' id='word_1_72' title='bbox 150 1232 275 1289; x_wconf 82' lang='lat' dir='ltr'><strong>nititur?</strong></span> <span class='ocrx_word' id='word_1_73' title='bbox 297 1233 352 1288; x_wconf 87' lang='lat' dir='ltr'><strong>Sed</strong></span> <span class='ocrx_word' id='word_1_74' title='bbox 380 1237 429 1305; x_wconf 91' lang='lat' dir='ltr'><strong>qui</strong></span> <span class='ocrx_word' id='word_1_75' title='bbox 453 1252 521 1289; x_wconf 84' lang='lat' dir='ltr'><strong>eunt</strong></span> <span class='ocrx_word' id='word_1_76' title='bbox 547 1237 633 1291; x_wconf 84' lang='lat' dir='ltr'><strong>toties</strong></span> <span class='ocrx_word' id='word_1_77' title='bbox 655 1236 798 1290; x_wconf 87' lang='lat' dir='ltr'><strong>hactenus</strong></span> <span class='ocrx_word' id='word_1_78' title='bbox 823 1236 879 1292; x_wconf 92' lang='lat' dir='ltr'><strong>sub</strong></span> <span class='ocrx_word' id='word_1_79' title='bbox 896 1235 1022 1306; x_wconf 88' lang='lat' dir='ltr'><strong>pedibus</strong></span> <span class='ocrx_word' id='word_1_80' title='bbox 1046 1235 1121 1290; x_wconf 81' lang='lat' dir='ltr'><strong>meis</strong></span> 
     </span>
     <span class='ocr_line' id='line_1_11' title="bbox 60 1323 1123 1392; baseline 0 -15"><span class='ocrx_word' id='word_1_81' title='bbox 60 1323 184 1377; x_wconf 85' lang='lat' dir='ltr'><strong>calcavit</strong></span> <span class='ocrx_word' id='word_1_82' title='bbox 202 1334 231 1377; x_wconf 85' lang='lat' dir='ltr'><strong>et</strong></span> <span class='ocrx_word' id='word_1_83' title='bbox 248 1324 402 1392; x_wconf 74' lang='lat' dir='ltr'><strong>contrivit,</strong></span> <span class='ocrx_word' id='word_1_84' title='bbox 421 1325 539 1379; x_wconf 87' lang='lat' dir='ltr'><strong>leonem</strong></span> <span class='ocrx_word' id='word_1_85' title='bbox 557 1336 584 1379; x_wconf 90' lang='lat' dir='ltr'><strong>et</strong></span> <span class='ocrx_word' id='word_1_86' title='bbox 601 1327 780 1391; x_wconf 79' lang='lat' dir='ltr'><strong>draconem,</strong></span> <span class='ocrx_word' id='word_1_87' title='bbox 800 1344 861 1380; x_wconf 91' lang='lat' dir='ltr'><strong>non</strong></span> <span class='ocrx_word' id='word_1_88' title='bbox 877 1326 955 1380; x_wconf 83' lang='lat' dir='ltr'><strong>sinet</strong></span> <span class='ocrx_word' id='word_1_89' title='bbox 972 1326 1059 1379; x_wconf 89' lang='lat' dir='ltr'><strong>ctiam</strong></span> <span class='ocrx_word' id='word_1_90' title='bbox 1072 1325 1123 1378; x_wconf 88' lang='lat' dir='ltr'><strong>ba.</strong></span> 
     </span>
     <span class='ocr_line' id='line_1_12' title="bbox 61 1411 1168 1485; baseline -0.002 -16"><span class='ocrx_word' id='word_1_91' title='bbox 61 1411 196 1469; x_wconf 81' lang='lat' dir='ltr'><strong>siliscum</strong></span> <span class='ocrx_word' id='word_1_92' title='bbox 208 1429 298 1485; x_wconf 88' lang='lat' dir='ltr'><strong>super</strong></span> <span class='ocrx_word' id='word_1_93' title='bbox 311 1430 359 1468; x_wconf 88' lang='lat' dir='ltr'><strong>me</strong></span> <span class='ocrx_word' id='word_1_94' title='bbox 374 1415 505 1469; x_wconf 87' lang='lat' dir='ltr'><strong>calcare:</strong></span> <span class='ocrx_word' id='word_1_95' title='bbox 523 1416 587 1469; x_wconf 86' lang='lat' dir='ltr'><strong>sine</strong></span> <span class='ocrx_word' id='word_1_96' title='bbox 605 1416 708 1484; x_wconf 85' lang='lat' dir='ltr'><strong>igitur,</strong></span> <span class='ocrx_word' id='word_1_97' title='bbox 725 1426 758 1470; x_wconf 90' lang='lat' dir='ltr'><strong>ut</strong></span> <span class='ocrx_word' id='word_1_98' title='bbox 775 1417 889 1470; x_wconf 88' lang='lat' dir='ltr'><strong>latrent.</strong></span> <span class='ocrx_word' id='word_1_99' title='bbox 924 1416 1035 1470; x_wconf 84' lang='lat' dir='ltr'><strong>Nostra</strong></span> <span class='ocrx_word' id='word_1_100' title='bbox 1049 1432 1122 1468; x_wconf 90' lang='lat' dir='ltr'><strong>con.</strong></span> <span class='ocrx_word' id='word_1_101' title='bbox 1165 1425 1168 1432; x_wconf 88' lang='grc'><em>·</em></span> 
     </span>
     <span class='ocr_line' id='line_1_13' title="bbox 60 1503 1122 1576; baseline 0 -18"><span class='ocrx_word' id='word_1_102' title='bbox 60 1503 186 1558; x_wconf 83' lang='lat' dir='ltr'><strong>scientia</strong></span> <span class='ocrx_word' id='word_1_103' title='bbox 203 1514 263 1558; x_wconf 89' lang='lat' dir='ltr'><strong>tnta</strong></span> <span class='ocrx_word' id='word_1_104' title='bbox 280 1514 343 1570; x_wconf 89' lang='lat' dir='ltr'><strong>est,</strong></span> <span class='ocrx_word' id='word_1_105' title='bbox 361 1515 478 1557; x_wconf 89' lang='lat' dir='ltr'><strong>rectum</strong></span> <span class='ocrx_word' id='word_1_106' title='bbox 494 1521 562 1558; x_wconf 86' lang='lat' dir='ltr'><strong>esse</strong></span> <span class='ocrx_word' id='word_1_107' title='bbox 581 1522 683 1562; x_wconf 80' lang='lat' dir='ltr'><strong>coram</strong></span> <span class='ocrx_word' id='word_1_108' title='bbox 698 1506 785 1570; x_wconf 89' lang='lat' dir='ltr'><strong>Deo,</strong></span> <span class='ocrx_word' id='word_1_109' title='bbox 803 1508 883 1576; x_wconf 87' lang='lat' dir='ltr'><strong>quod</strong></span> <span class='ocrx_word' id='word_1_110' title='bbox 902 1522 1054 1575; x_wconf 79' lang='lat' dir='ltr'><strong>egressum</strong></span> <span class='ocrx_word' id='word_1_111' title='bbox 1075 1513 1122 1559; x_wconf 88' lang='lat' dir='ltr'><strong>est</strong></span> 
     </span>
     <span class='ocr_line' id='line_1_14' title="bbox 60 1592 1119 1666; baseline 0.001 -18"><span class='ocrx_word' id='word_1_112' title='bbox 60 1609 107 1658; x_wconf 71' lang='lat' dir='ltr'><strong>ex,</strong></span> <span class='ocrx_word' id='word_1_113' title='bbox 126 1592 209 1648; x_wconf 84' lang='lat' dir='ltr'><strong>labiis</strong></span> <span class='ocrx_word' id='word_1_114' title='bbox 227 1594 301 1648; x_wconf 87' lang='lat' dir='ltr'><strong>meis</strong></span> <span class='ocrx_word' id='word_1_115' title='bbox 325 1593 355 1647; x_wconf 90' lang='lat' dir='ltr'><strong>in</strong></span> <span class='ocrx_word' id='word_1_116' title='bbox 377 1592 435 1647; x_wconf 89' lang='lat' dir='ltr'><strong>hac</strong></span> <span class='ocrx_word' id='word_1_117' title='bbox 460 1606 558 1665; x_wconf 48' lang='lat' dir='ltr'><strong>purte,</strong></span> <span class='ocrx_word' id='word_1_118' title='bbox 586 1594 781 1663; x_wconf 83' lang='lat' dir='ltr'><strong>Crueiiigatur</strong></span> <span class='ocrx_word' id='word_1_119' title='bbox 807 1597 893 1664; x_wconf 86' lang='lat' dir='ltr'><strong>igitur</strong></span> <span class='ocrx_word' id='word_1_120' title='bbox 918 1606 946 1649; x_wconf 92' lang='lat' dir='ltr'><strong>et</strong></span> <span class='ocrx_word' id='word_1_121' title='bbox 967 1595 1119 1666; x_wconf 72' lang='lat' dir='ltr'><strong>displiceat</strong></span> 
     </span>
     <span class='ocr_line' id='line_1_15' title="bbox 59 1681 1118 1752; baseline 0.002 -16"><span class='ocrx_word' id='word_1_122' title='bbox 59 1681 114 1745; x_wconf 83' lang='lat' dir='ltr'><strong>iis,</strong></span> <span class='ocrx_word' id='word_1_123' title='bbox 137 1682 187 1752; x_wconf 90' lang='lat' dir='ltr'><strong>qui</strong></span> <span class='ocrx_word' id='word_1_124' title='bbox 204 1682 316 1736; x_wconf 85' lang='lat' dir='ltr'><strong>nostris</strong></span> <span class='ocrx_word' id='word_1_125' title='bbox 335 1682 438 1735; x_wconf 85' lang='lat' dir='ltr'><strong>studiis</strong></span> <span class='ocrx_word' id='word_1_126' title='bbox 465 1693 493 1736; x_wconf 91' lang='lat' dir='ltr'><strong>et</strong></span> <span class='ocrx_word' id='word_1_127' title='bbox 509 1682 592 1736; x_wconf 89' lang='lat' dir='ltr'><strong>titulo</strong></span> <span class='ocrx_word' id='word_1_128' title='bbox 609 1683 762 1751; x_wconf 83' lang='lat' dir='ltr'><strong>Evangelii</strong></span> <span class='ocrx_word' id='word_1_129' title='bbox 788 1683 883 1737; x_wconf 88' lang='lat' dir='ltr'><strong>evecti</strong></span> <span class='ocrx_word' id='word_1_130' title='bbox 901 1694 987 1750; x_wconf 86' lang='lat' dir='ltr'><strong>sunt,</strong></span> <span class='ocrx_word' id='word_1_131' title='bbox 1013 1694 1044 1737; x_wconf 92' lang='lat' dir='ltr'><strong>ut</strong></span> <span class='ocrx_word' id='word_1_132' title='bbox 1061 1700 1118 1738; x_wconf 86' lang='lat' dir='ltr'><strong>nos</strong></span> 
     </span>
     <span class='ocr_line' id='line_1_16' title="bbox 58 1772 1121 1841; baseline -0.004 -15"><span class='ocrx_word' id='word_1_133' title='bbox 58 1772 265 1837; x_wconf 82' lang='lat' dir='ltr'><strong>dedecorent,</strong></span> <span class='ocrx_word' id='word_1_134' title='bbox 292 1772 370 1825; x_wconf 86' lang='lat' dir='ltr'><strong>itanc</strong></span> <span class='ocrx_word' id='word_1_135' title='bbox 386 1772 508 1838; x_wconf 78' lang='lat' dir='ltr'><strong>gratiam</strong></span> <span class='ocrx_word' id='word_1_136' title='bbox 525 1772 611 1826; x_wconf 88' lang='lat' dir='ltr'><strong>nobis</strong></span> <span class='ocrx_word' id='word_1_137' title='bbox 637 1773 817 1840; x_wconf 82' lang='lat' dir='ltr'><strong>referentes,</strong></span> <span class='ocrx_word' id='word_1_138' title='bbox 845 1773 921 1827; x_wconf 86' lang='lat' dir='ltr'><strong>sient</strong></span> <span class='ocrx_word' id='word_1_139' title='bbox 939 1773 1014 1826; x_wconf 86' lang='lat' dir='ltr'><strong>solet</strong></span> <span class='ocrx_word' id='word_1_140' title='bbox 1031 1790 1121 1841; x_wconf 82' lang='lat' dir='ltr'><strong>gene.</strong></span> 
     </span>
     <span class='ocr_line' id='line_1_17' title="bbox 56 1858 1121 1930; baseline 0 -14"><span class='ocrx_word' id='word_1_141' title='bbox 56 1861 137 1916; x_wconf 85' lang='lat' dir='ltr'><strong>ratio</strong></span> <span class='ocrx_word' id='word_1_142' title='bbox 156 1858 295 1914; x_wconf 84' lang='lat' dir='ltr'><strong>adultera.</strong></span> <span class='ocrx_word' id='word_1_143' title='bbox 330 1860 386 1914; x_wconf 86' lang='lat' dir='ltr'><strong>Sed</strong></span> <span class='ocrx_word' id='word_1_144' title='bbox 403 1861 501 1915; x_wconf 87' lang='lat' dir='ltr'><strong>evecti</strong></span> <span class='ocrx_word' id='word_1_145' title='bbox 519 1871 605 1926; x_wconf 89' lang='lat' dir='ltr'><strong>sunt,</strong></span> <span class='ocrx_word' id='word_1_146' title='bbox 622 1875 654 1914; x_wconf 91' lang='lat' dir='ltr'><strong>ut</strong></span> <span class='ocrx_word' id='word_1_147' title='bbox 673 1861 858 1930; x_wconf 82' lang='lat' dir='ltr'><strong>dejiciantur,</strong></span> <span class='ocrx_word' id='word_1_148' title='bbox 882 1873 911 1915; x_wconf 90' lang='lat' dir='ltr'><strong>et</strong></span> <span class='ocrx_word' id='word_1_149' title='bbox 929 1861 996 1916; x_wconf 81' lang='lat' dir='ltr'><strong>linis</strong></span> <span class='ocrx_word' id='word_1_150' title='bbox 1015 1878 1121 1916; x_wconf 86' lang='lat' dir='ltr'><strong>eorum</strong></span> 
     </span>
     <span class='ocr_line' id='line_1_18' title="bbox 59 1947 1121 2020; baseline -0.003 -15"><span class='ocrx_word' id='word_1_151' title='bbox 59 1949 102 2005; x_wconf 81' lang='lat' dir='ltr'><strong>sit</strong></span> <span class='ocrx_word' id='word_1_152' title='bbox 118 1949 264 2004; x_wconf 81' lang='lat' dir='ltr'><strong>conlusio.</strong></span> <span class='ocrx_word' id='word_1_153' title='bbox 297 1947 362 2004; x_wconf 86' lang='lat' dir='ltr'><strong>Erit</strong></span> <span class='ocrx_word' id='word_1_154' title='bbox 379 1950 455 2004; x_wconf 83' lang='lat' dir='ltr'><strong>forte</strong></span> <span class='ocrx_word' id='word_1_155' title='bbox 473 1961 607 2020; x_wconf 89' lang='lat' dir='ltr'><strong>tempus,</strong></span> <span class='ocrx_word' id='word_1_156' title='bbox 626 1961 657 2004; x_wconf 90' lang='lat' dir='ltr'><strong>nt</strong></span> <span class='ocrx_word' id='word_1_157' title='bbox 675 1951 792 2005; x_wconf 89' lang='lat' dir='ltr'><strong>etmihi</strong></span> <span class='ocrx_word' id='word_1_158' title='bbox 810 1952 895 2005; x_wconf 85' lang='lat' dir='ltr'><strong>liceat</strong></span> <span class='ocrx_word' id='word_1_159' title='bbox 912 1952 1024 2007; x_wconf 87' lang='lat' dir='ltr'><strong>dicere:</strong></span> <span class='ocrx_word' id='word_1_160' title='bbox 1052 1968 1121 2006; x_wconf 57' lang='lat' dir='ltr'><strong>om:</strong></span> 
     </span>
     <span class='ocr_line' id='line_1_19' title="bbox 56 2038 1187 2111; baseline 0.001 -15"><span class='ocrx_word' id='word_1_161' title='bbox 56 2054 118 2096; x_wconf 83' lang='lat' dir='ltr'><strong>nes</strong></span> <span class='ocrx_word' id='word_1_162' title='bbox 135 2054 189 2094; x_wconf 80' lang='lat' dir='ltr'><strong>vos</strong></span> <span class='ocrx_word' id='word_1_163' title='bbox 205 2038 396 2094; x_wconf 81' lang='lat' dir='ltr'><strong>scandalum</strong></span> <span class='ocrx_word' id='word_1_164' title='bbox 410 2039 580 2111; x_wconf 79' lang='lat' dir='ltr'><strong>patiemini</strong></span> <span class='ocrx_word' id='word_1_165' title='bbox 596 2040 630 2095; x_wconf 85' lang='lat' dir='ltr'><strong>in</strong></span> <span class='ocrx_word' id='word_1_166' title='bbox 648 2040 713 2094; x_wconf 84' lang='lat' dir='ltr'><strong>ista</strong></span> <span class='ocrx_word' id='word_1_167' title='bbox 730 2047 829 2096; x_wconf 83' lang='lat' dir='ltr'><strong>nocte.</strong></span> <span class='ocrx_word' id='word_1_168' title='bbox 862 2041 889 2095; x_wconf 93' lang='lat' dir='ltr'>E</span> <span class='ocrx_word' id='word_1_169' title='bbox 908 2054 1031 2109; x_wconf 85' lang='lat' dir='ltr'><strong>contra,</strong></span> <span class='ocrx_word' id='word_1_170' title='bbox 1057 2043 1120 2097; x_wconf 91' lang='lat' dir='ltr'><strong>cito</strong></span> <span class='ocrx_word' id='word_1_171' title='bbox 1184 2076 1187 2081; x_wconf 87' lang='lat'><em>-</em></span> 
     </span>
     <span class='ocr_line' id='line_1_20' title="bbox 58 2129 1120 2201; baseline 0.002 -16"><span class='ocrx_word' id='word_1_172' title='bbox 58 2129 144 2185; x_wconf 89' lang='lat' dir='ltr'><strong>obliti</strong></span> <span class='ocrx_word' id='word_1_173' title='bbox 157 2144 260 2183; x_wconf 85' lang='lat' dir='ltr'><strong>sumus</strong></span> <span class='ocrx_word' id='word_1_174' title='bbox 268 2169 277 2197; x_wconf 96' lang='lat'><strong>,</strong></span> <span class='ocrx_word' id='word_1_175' title='bbox 295 2145 370 2200; x_wconf 87' lang='lat' dir='ltr'><strong>quae</strong></span> <span class='ocrx_word' id='word_1_176' title='bbox 383 2130 554 2200; x_wconf 89' lang='lat' dir='ltr'><strong>accepimus</strong></span> <span class='ocrx_word' id='word_1_177' title='bbox 566 2129 652 2184; x_wconf 88' lang='lat' dir='ltr'><strong>bona.</strong></span> <span class='ocrx_word' id='word_1_178' title='bbox 686 2129 725 2188; x_wconf 82' lang='lat' dir='ltr'><strong>Et</strong></span> <span class='ocrx_word' id='word_1_179' title='bbox 737 2147 824 2201; x_wconf 85' lang='lat' dir='ltr'><strong>quam</strong></span> <span class='ocrx_word' id='word_1_180' title='bbox 837 2131 954 2201; x_wconf 85' lang='lat' dir='ltr'><strong>superbi</strong></span> <span class='ocrx_word' id='word_1_181' title='bbox 968 2140 996 2185; x_wconf 89' lang='lat' dir='ltr'><strong>et</strong></span> <span class='ocrx_word' id='word_1_182' title='bbox 1010 2131 1120 2201; x_wconf 86' lang='lat' dir='ltr'><strong>promti</strong></span> 
     </span>
     <span class='ocr_line' id='line_1_21' title="bbox 58 2204 1118 2289; baseline -0.001 -14"><span class='ocrx_word' id='word_1_183' title='bbox 58 2234 165 2275; x_wconf 86' lang='lat' dir='ltr'><strong>sumus</strong></span> <span class='ocrx_word' id='word_1_184' title='bbox 177 2219 312 2288; x_wconf 84' lang='lat' dir='ltr'><strong>judicare</strong></span> <span class='ocrx_word' id='word_1_185' title='bbox 331 2204 419 2272; x_wconf 88' lang='lat' dir='ltr'><strong>etiam</strong></span> <span class='ocrx_word' id='word_1_186' title='bbox 436 2234 507 2283; x_wconf 89' lang='lat' dir='ltr'><strong>eos,</strong></span> <span class='ocrx_word' id='word_1_187' title='bbox 527 2234 542 2271; x_wconf 88' lang='lat' dir='ltr'><strong>a</strong></span> <span class='ocrx_word' id='word_1_188' title='bbox 560 2219 666 2289; x_wconf 90' lang='lat' dir='ltr'><strong>quibus</strong></span> <span class='ocrx_word' id='word_1_189' title='bbox 684 2220 858 2276; x_wconf 84' lang='lat' dir='ltr'><strong>didicimus?</strong></span> <span class='ocrx_word' id='word_1_190' title='bbox 885 2220 942 2274; x_wconf 90' lang='lat' dir='ltr'><strong>Sed</strong></span> <span class='ocrx_word' id='word_1_191' title='bbox 960 2221 1118 2288; x_wconf 86' lang='lat' dir='ltr'><strong>Christus,</strong></span> 
     </span>
     <span class='ocr_line' id='line_1_22' title="bbox 58 2308 1119 2381; baseline 0.002 -19"><span class='ocrx_word' id='word_1_192' title='bbox 58 2310 112 2381; x_wconf 88' lang='lat' dir='ltr'><strong>qui</strong></span> <span class='ocrx_word' id='word_1_193' title='bbox 136 2309 234 2380; x_wconf 83' lang='lat' dir='ltr'><strong>coepit</strong></span> <span class='ocrx_word' id='word_1_194' title='bbox 255 2308 319 2362; x_wconf 88' lang='lat' dir='ltr'><strong>sine</strong></span> <span class='ocrx_word' id='word_1_195' title='bbox 344 2318 448 2361; x_wconf 87' lang='lat' dir='ltr'><strong>nostro</strong></span> <span class='ocrx_word' id='word_1_196' title='bbox 472 2308 612 2374; x_wconf 87' lang='lat' dir='ltr'><strong>consilio,</strong></span> <span class='ocrx_word' id='word_1_197' title='bbox 645 2308 778 2378; x_wconf 85' lang='lat' dir='ltr'><strong>perficiet</strong></span> <span class='ocrx_word' id='word_1_198' title='bbox 808 2326 884 2381; x_wconf 92' lang='lat' dir='ltr'><strong>opus</strong></span> <span class='ocrx_word' id='word_1_199' title='bbox 911 2326 998 2363; x_wconf 88' lang='lat' dir='ltr'><strong>suum</strong></span> <span class='ocrx_word' id='word_1_200' title='bbox 1031 2310 1119 2364; x_wconf 88' lang='lat' dir='ltr'><strong>etiam</strong></span> 
     </span>
     <span class='ocr_line' id='line_1_23' title="bbox 58 2395 1118 2470; baseline 0.004 -20"><span class='ocrx_word' id='word_1_201' title='bbox 58 2406 164 2452; x_wconf 86' lang='lat' dir='ltr'><strong>contra</strong></span> <span class='ocrx_word' id='word_1_202' title='bbox 181 2407 315 2451; x_wconf 87' lang='lat' dir='ltr'><strong>nostrum</strong></span> <span class='ocrx_word' id='word_1_203' title='bbox 333 2395 503 2450; x_wconf 88' lang='lat' dir='ltr'><strong>consilium.</strong></span> <span class='ocrx_word' id='word_1_204' title='bbox 537 2397 674 2450; x_wconf 84' lang='lat' dir='ltr'><strong>Admone</strong></span> <span class='ocrx_word' id='word_1_205' title='bbox 699 2407 729 2450; x_wconf 89' lang='lat' dir='ltr'><strong>tu</strong></span> <span class='ocrx_word' id='word_1_206' title='bbox 753 2397 839 2468; x_wconf 84' lang='lat' dir='ltr'><strong>igitur</strong></span> <span class='ocrx_word' id='word_1_207' title='bbox 862 2399 985 2465; x_wconf 85' lang='lat' dir='ltr'><strong>fratres,</strong></span> <span class='ocrx_word' id='word_1_208' title='bbox 1010 2408 1042 2454; x_wconf 94' lang='lat' dir='ltr'><strong>ut</strong></span> <span class='ocrx_word' id='word_1_209' title='bbox 1067 2399 1118 2470; x_wconf 89' lang='lat' dir='ltr'><strong>qui</strong></span> 
     </span>
    </p>
   </div>
   <div class='ocr_carea' id='block_1_4' title="bbox 56 2484 1196 2555">
    <p class='ocr_par' dir='ltr' id='par_1_4' title="bbox 56 2484 1196 2555">
     <span class='ocr_line' id='line_1_24' title="bbox 56 2484 1196 2555; baseline 0.001 -13"><span class='ocrx_word' id='word_1_210' title='bbox 56 2486 205 2543; x_wconf 83' lang='lat' dir='ltr'><strong>hactenus</strong></span> <span class='ocrx_word' id='word_1_211' title='bbox 233 2502 271 2541; x_wconf 83' lang='lat' dir='ltr'><strong>ex</strong></span> <span class='ocrx_word' id='word_1_212' title='bbox 298 2484 460 2553; x_wconf 82' lang='lat' dir='ltr'><strong>Evangelio</strong></span> <span class='ocrx_word' id='word_1_213' title='bbox 488 2486 575 2539; x_wconf 85' lang='lat' dir='ltr'><strong>toties</strong></span> <span class='ocrx_word' id='word_1_214' title='bbox 600 2487 772 2555; x_wconf 83' lang='lat' dir='ltr'><strong>audierunt,</strong></span> <span class='ocrx_word' id='word_1_215' title='bbox 806 2504 862 2542; x_wconf 88' lang='lat' dir='ltr'><strong>nos</strong></span> <span class='ocrx_word' id='word_1_216' title='bbox 889 2505 955 2544; x_wconf 87' lang='lat' dir='ltr'><strong>esse</strong></span> <span class='ocrx_word' id='word_1_217' title='bbox 981 2489 1064 2543; x_wconf 91' lang='lat' dir='ltr'><strong>nihili</strong></span> <span class='ocrx_word' id='word_1_218' title='bbox 1091 2497 1121 2546; x_wconf 89' lang='lat' dir='ltr'><strong>et</strong></span> <span class='ocrx_word' id='word_1_219' title='bbox 1194 2539 1196 2543; x_wconf 86' lang='lat'>.</span> 
     </span>
    </p>
   </div>
   <div class='ocr_carea' id='block_1_5' title="bbox 57 2574 1121 2829">
    <p class='ocr_par' dir='ltr' id='par_1_5' title="bbox 57 2574 1121 2829">
     <span class='ocr_line' id='line_1_25' title="bbox 57 2574 1121 2652; baseline 0.002 -18"><span class='ocrx_word' id='word_1_220' title='bbox 57 2593 185 2634; x_wconf 80' lang='lat' dir='ltr'><strong>sensum</strong></span> <span class='ocrx_word' id='word_1_221' title='bbox 203 2576 300 2632; x_wconf 85' lang='lat' dir='ltr'><strong>carnis</strong></span> <span class='ocrx_word' id='word_1_222' title='bbox 318 2574 427 2629; x_wconf 88' lang='lat' dir='ltr'><strong>debere</strong></span> <span class='ocrx_word' id='word_1_223' title='bbox 445 2575 563 2642; x_wconf 86' lang='lat' dir='ltr'><strong>occidi,</strong></span> <span class='ocrx_word' id='word_1_224' title='bbox 587 2594 630 2630; x_wconf 85' lang='lat' dir='ltr'><strong>ne.</strong></span> <span class='ocrx_word' id='word_1_225' title='bbox 649 2577 825 2648; x_wconf 86' lang='lat' dir='ltr'><strong>praecipites</strong></span> <span class='ocrx_word' id='word_1_226' title='bbox 849 2579 907 2634; x_wconf 92' lang='lat' dir='ltr'><strong>sint</strong></span> <span class='ocrx_word' id='word_1_227' title='bbox 923 2580 1065 2652; x_wconf 88' lang='lat' dir='ltr'><strong>sapiendo</strong></span> <span class='ocrx_word' id='word_1_228' title='bbox 1090 2590 1121 2635; x_wconf 84' lang='lat' dir='ltr'><strong>et</strong></span> 
     </span>
     <span class='ocr_line' id='line_1_26' title="bbox 58 2664 1119 2743; baseline 0.004 -20"><span class='ocrx_word' id='word_1_229' title='bbox 58 2683 183 2724; x_wconf 86' lang='lat' dir='ltr'><strong>sensum</strong></span> <span class='ocrx_word' id='word_1_230' title='bbox 200 2666 297 2720; x_wconf 79' lang='lat' dir='ltr'><strong>carnis</strong></span> <span class='ocrx_word' id='word_1_231' title='bbox 316 2664 497 2720; x_wconf 83' lang='lat' dir='ltr'><strong>suscitando.</strong></span> <span class='ocrx_word' id='word_1_232' title='bbox 532 2667 618 2721; x_wconf 87' lang='lat' dir='ltr'><strong>Dens</strong></span> <span class='ocrx_word' id='word_1_233' title='bbox 645 2677 705 2733; x_wconf 86' lang='lat' dir='ltr'><strong>est,</strong></span> <span class='ocrx_word' id='word_1_234' title='bbox 736 2667 787 2738; x_wconf 84' lang='lat' dir='ltr'><strong>qui</strong></span> <span class='ocrx_word' id='word_1_235' title='bbox 813 2679 952 2739; x_wconf 86' lang='lat' dir='ltr'><strong>operatur</strong></span> <span class='ocrx_word' id='word_1_236' title='bbox 977 2687 1067 2743; x_wconf 87' lang='lat' dir='ltr'><strong>supra</strong></span> <span class='ocrx_word' id='word_1_237' title='bbox 1089 2681 1119 2727; x_wconf 87' lang='lat' dir='ltr'><strong>et</strong></span> 
     </span>
     <span class='ocr_line' id='line_1_27' title="bbox 58 2758 950 2829; baseline 0 -16"><span class='ocrx_word' id='word_1_238' title='bbox 58 2768 165 2813; x_wconf 87' lang='lat' dir='ltr'><strong>contra</strong></span> <span class='ocrx_word' id='word_1_239' title='bbox 182 2771 211 2812; x_wconf 93' lang='lat' dir='ltr'><strong>et</strong></span> <span class='ocrx_word' id='word_1_240' title='bbox 227 2759 301 2811; x_wconf 86' lang='lat' dir='ltr'><strong>infra</strong></span> <span class='ocrx_word' id='word_1_241' title='bbox 319 2768 349 2812; x_wconf 88' lang='lat' dir='ltr'><strong>et</strong></span> <span class='ocrx_word' id='word_1_242' title='bbox 365 2769 466 2826; x_wconf 85' lang='lat' dir='ltr'><strong>extra,</strong></span> <span class='ocrx_word' id='word_1_243' title='bbox 486 2773 575 2827; x_wconf 91' lang='lat' dir='ltr'><strong>quam</strong></span> <span class='ocrx_word' id='word_1_244' title='bbox 592 2771 647 2811; x_wconf 89' lang='lat' dir='ltr'><strong>nos</strong></span> <span class='ocrx_word' id='word_1_245' title='bbox 665 2772 770 2829; x_wconf 87' lang='lat' dir='ltr'><strong>capere</strong></span> <span class='ocrx_word' id='word_1_246' title='bbox 789 2758 950 2828; x_wconf 84' lang='lat' dir='ltr'><strong>possimus.</strong></span> 
     </span>
    </p>
   </div>
   <div class='ocr_carea' id='block_1_6' title="bbox 61 2861 1115 3020">
    <p class='ocr_par' dir='ltr' id='par_1_6' title="bbox 61 2861 1115 3020">
     <span class='ocr_line' id='line_1_28' title="bbox 124 2861 1115 2932; baseline 0.003 -14"><span class='ocrx_word' id='word_1_247' title='bbox 124 2861 232 2918; x_wconf 85' lang='lat' dir='ltr'><strong>Venire</strong></span> <span class='ocrx_word' id='word_1_248' title='bbox 249 2864 285 2917; x_wconf 88' lang='lat' dir='ltr'><strong>ad</strong></span> <span class='ocrx_word' id='word_1_249' title='bbox 302 2879 359 2917; x_wconf 88' lang='lat' dir='ltr'><strong>vos</strong></span> <span class='ocrx_word' id='word_1_250' title='bbox 376 2862 459 2916; x_wconf 91' lang='lat' dir='ltr'><strong>nullo</strong></span> <span class='ocrx_word' id='word_1_251' title='bbox 478 2863 568 2916; x_wconf 89' lang='lat' dir='ltr'><strong>modo</strong></span> <span class='ocrx_word' id='word_1_252' title='bbox 586 2878 731 2932; x_wconf 85' lang='lat' dir='ltr'><strong>possum,</strong></span> <span class='ocrx_word' id='word_1_253' title='bbox 754 2864 802 2917; x_wconf 85' lang='lat' dir='ltr'><strong>sic.</strong></span> <span class='ocrx_word' id='word_1_254' title='bbox 817 2863 967 2918; x_wconf 84' lang='lat' dir='ltr'><strong>districtus</strong></span> <span class='ocrx_word' id='word_1_255' title='bbox 988 2875 1016 2918; x_wconf 88' lang='lat' dir='ltr'><strong>et</strong></span> <span class='ocrx_word' id='word_1_256' title='bbox 1032 2868 1115 2921; x_wconf 83' lang='lat' dir='ltr'><strong>varie</strong></span> 
     </span>
     <span class='ocr_line' id='line_1_29' title="bbox 61 2950 1067 3020; baseline -0.007 -9"><span class='ocrx_word' id='word_1_257' title='bbox 61 2964 208 3020; x_wconf 82' lang='lat' dir='ltr'><strong>vocatus,</strong></span> <span class='ocrx_word' id='word_1_258' title='bbox 227 2951 295 3006; x_wconf 88' lang='lat' dir='ltr'><strong>alias</strong></span> <span class='ocrx_word' id='word_1_259' title='bbox 312 2951 385 3005; x_wconf 90' lang='lat' dir='ltr'><strong>nihil</strong></span> <span class='ocrx_word' id='word_1_260' title='bbox 402 2952 531 3005; x_wconf 85' lang='lat' dir='ltr'><strong>facerem</strong></span> <span class='ocrx_word' id='word_1_261' title='bbox 549 2950 699 3006; x_wconf 78' lang='lat' dir='ltr'><strong>libentius.</strong></span> <span class='ocrx_word' id='word_1_262' title='bbox 1065 2953 1067 2958; x_wconf 70' lang='lat'><strong><em>‘</em></strong></span> 
     </span>
    </p>
   </div>
   <div class='ocr_carea' id='block_1_7' title="bbox 52 3055 1150 4030">
    <p class='ocr_par' dir='ltr' id='par_1_7' title="bbox 52 3055 1150 4030">
     <span class='ocr_line' id='line_1_30' title="bbox 125 3055 1150 3131; baseline 0.005 -20"><span class='ocrx_word' id='word_1_263' title='bbox 125 3055 192 3127; x_wconf 78' lang='lat' dir='ltr'><strong>Ego</strong></span> <span class='ocrx_word' id='word_1_264' title='bbox 211 3057 255 3111; x_wconf 88' lang='lat' dir='ltr'><strong>sic</strong></span> <span class='ocrx_word' id='word_1_265' title='bbox 275 3056 390 3124; x_wconf 86' lang='lat' dir='ltr'><strong>sentio,</strong></span> <span class='ocrx_word' id='word_1_266' title='bbox 413 3056 521 3112; x_wconf 86' lang='lat' dir='ltr'><strong>melius</strong></span> <span class='ocrx_word' id='word_1_267' title='bbox 540 3072 607 3111; x_wconf 87' lang='lat' dir='ltr'><strong>esse</strong></span> <span class='ocrx_word' id='word_1_268' title='bbox 632 3073 737 3112; x_wconf 85' lang='lat' dir='ltr'><strong>omnes</strong></span> <span class='ocrx_word' id='word_1_269' title='bbox 755 3058 884 3114; x_wconf 85' lang='lat' dir='ltr'><strong>rusticos</strong></span> <span class='ocrx_word' id='word_1_270' title='bbox 902 3057 1000 3126; x_wconf 90' lang='lat' dir='ltr'><strong>caedi,</strong></span> <span class='ocrx_word' id='word_1_271' title='bbox 1028 3077 1118 3130; x_wconf 87' lang='lat' dir='ltr'><strong>qnam</strong></span> <span class='ocrx_word' id='word_1_272' title='bbox 1147 3126 1150 3131; x_wconf 22' lang='lat'>¹</span> 
     </span>
     <span class='ocr_line' id='line_1_31' title="bbox 56 3142 1117 3218; baseline 0.006 -17"><span class='ocrx_word' id='word_1_273' title='bbox 56 3144 215 3218; x_wconf 77' lang='lat' dir='ltr'><strong>Principes</strong></span> <span class='ocrx_word' id='word_1_274' title='bbox 239 3155 268 3200; x_wconf 89' lang='lat' dir='ltr'><strong>et</strong></span> <span class='ocrx_word' id='word_1_275' title='bbox 284 3145 489 3215; x_wconf 81' lang='lat' dir='ltr'><strong>magistratus,</strong></span> <span class='ocrx_word' id='word_1_276' title='bbox 515 3146 651 3217; x_wconf 91' lang='lat' dir='ltr'><strong>eoquod</strong></span> <span class='ocrx_word' id='word_1_277' title='bbox 672 3147 776 3201; x_wconf 90' lang='lat' dir='ltr'><strong>rustici</strong></span> <span class='ocrx_word' id='word_1_278' title='bbox 794 3148 858 3202; x_wconf 84' lang='lat' dir='ltr'><strong>sine</strong></span> <span class='ocrx_word' id='word_1_279' title='bbox 884 3149 1037 3204; x_wconf 81' lang='lat' dir='ltr'><strong>autoritate</strong></span> <span class='ocrx_word' id='word_1_280' title='bbox 1054 3142 1117 3207; x_wconf 88' lang='lat' dir='ltr'><strong>Dei</strong></span> 
     </span>
     <span class='ocr_line' id='line_1_32' title="bbox 56 3233 1118 3310; baseline 0.008 -22"><span class='ocrx_word' id='word_1_281' title='bbox 56 3236 186 3308; x_wconf 77' lang='lat' dir='ltr'><strong>gladium</strong></span> <span class='ocrx_word' id='word_1_282' title='bbox 203 3235 358 3305; x_wconf 89' lang='lat' dir='ltr'><strong>accipiunt.</strong></span> <span class='ocrx_word' id='word_1_283' title='bbox 395 3233 493 3308; x_wconf 81' lang='lat' dir='ltr'><strong>Quam</strong></span> <span class='ocrx_word' id='word_1_284' title='bbox 511 3236 672 3307; x_wconf 84' lang='lat' dir='ltr'><strong>nequitiam</strong></span> <span class='ocrx_word' id='word_1_285' title='bbox 688 3237 808 3290; x_wconf 86' lang='lat' dir='ltr'><strong>Satanae</strong></span> <span class='ocrx_word' id='word_1_286' title='bbox 830 3238 915 3307; x_wconf 89' lang='lat' dir='ltr'><strong>sequi</strong></span> <span class='ocrx_word' id='word_1_287' title='bbox 933 3256 992 3292; x_wconf 92' lang='lat' dir='ltr'><strong>non</strong></span> <span class='ocrx_word' id='word_1_288' title='bbox 1015 3251 1118 3310; x_wconf 84' lang='lat' dir='ltr'><strong>potest</strong></span> 
     </span>
     <span class='ocr_line' id='line_1_33' title="bbox 55 3325 1117 3399; baseline 0.005 -18"><span class='ocrx_word' id='word_1_289' title='bbox 55 3326 114 3381; x_wconf 88' lang='lat' dir='ltr'><strong>nisi</strong></span> <span class='ocrx_word' id='word_1_290' title='bbox 133 3341 212 3379; x_wconf 86' lang='lat' dir='ltr'><strong>mera</strong></span> <span class='ocrx_word' id='word_1_291' title='bbox 230 3325 355 3380; x_wconf 83' lang='lat' dir='ltr'><strong>satanica</strong></span> <span class='ocrx_word' id='word_1_292' title='bbox 371 3326 490 3379; x_wconf 82' lang='lat' dir='ltr'><strong>vastitas</strong></span> <span class='ocrx_word' id='word_1_293' title='bbox 509 3325 589 3394; x_wconf 82' lang='lat' dir='ltr'><strong>regni</strong></span> <span class='ocrx_word' id='word_1_294' title='bbox 605 3325 687 3393; x_wconf 86' lang='lat' dir='ltr'><strong>Dei,</strong></span> <span class='ocrx_word' id='word_1_295' title='bbox 715 3335 744 3379; x_wconf 90' lang='lat' dir='ltr'><strong>et</strong></span> <span class='ocrx_word' id='word_1_296' title='bbox 761 3326 862 3380; x_wconf 89' lang='lat' dir='ltr'><strong>mundi</strong></span> <span class='ocrx_word' id='word_1_297' title='bbox 878 3326 1035 3399; x_wconf 86' lang='lat' dir='ltr'><strong>Principes</strong></span> <span class='ocrx_word' id='word_1_298' title='bbox 1062 3331 1117 3387; x_wconf 86' lang='lat' dir='ltr'><strong>etsi</strong></span> 
     </span>
     <span class='ocr_line' id='line_1_34' title="bbox 58 3404 1116 3492; baseline 0.004 -21"><span class='ocrx_word' id='word_1_299' title='bbox 58 3404 228 3482; x_wconf 80' lang='lat' dir='ltr'><strong>excedunt,</strong></span> <span class='ocrx_word' id='word_1_300' title='bbox 246 3425 344 3469; x_wconf 84' lang='lat' dir='ltr'><strong>tamen</strong></span> <span class='ocrx_word' id='word_1_301' title='bbox 356 3414 484 3487; x_wconf 77' lang='lat' dir='ltr'><strong>gladium</strong></span> <span class='ocrx_word' id='word_1_302' title='bbox 502 3415 657 3469; x_wconf 86' lang='lat' dir='ltr'><strong>autoritate</strong></span> <span class='ocrx_word' id='word_1_303' title='bbox 673 3415 731 3469; x_wconf 92' lang='lat' dir='ltr'><strong>Dei</strong></span> <span class='ocrx_word' id='word_1_304' title='bbox 744 3425 860 3490; x_wconf 84' lang='lat' dir='ltr'><strong>gerunt.</strong></span> <span class='ocrx_word' id='word_1_305' title='bbox 896 3417 941 3471; x_wconf 87' lang='lat' dir='ltr'><strong>lbi</strong></span> <span class='ocrx_word' id='word_1_306' title='bbox 956 3429 1116 3492; x_wconf 87' lang='lat' dir='ltr'><strong>utrumque</strong></span> 
     </span>
     <span class='ocr_line' id='line_1_35' title="bbox 58 3505 1118 3583; baseline 0.004 -22"><span class='ocrx_word' id='word_1_307' title='bbox 58 3521 185 3574; x_wconf 82' lang='lat' dir='ltr'><strong>regnum</strong></span> <span class='ocrx_word' id='word_1_308' title='bbox 203 3506 367 3560; x_wconf 85' lang='lat' dir='ltr'><strong>consistere</strong></span> <span class='ocrx_word' id='word_1_309' title='bbox 384 3515 501 3576; x_wconf 85' lang='lat' dir='ltr'><strong>potest,</strong></span> <span class='ocrx_word' id='word_1_310' title='bbox 526 3521 617 3575; x_wconf 90' lang='lat' dir='ltr'><strong>quare</strong></span> <span class='ocrx_word' id='word_1_311' title='bbox 634 3505 714 3558; x_wconf 89' lang='lat' dir='ltr'><strong>nulla</strong></span> <span class='ocrx_word' id='word_1_312' title='bbox 731 3505 953 3575; x_wconf 84' lang='lat' dir='ltr'><strong>misericordia,</strong></span> <span class='ocrx_word' id='word_1_313' title='bbox 971 3510 1048 3563; x_wconf 84' lang='lat' dir='ltr'><strong>nulla</strong></span> <span class='ocrx_word' id='word_1_314' title='bbox 1067 3529 1118 3583; x_wconf 83' lang='lat' dir='ltr'><strong>pa.</strong></span> 
     </span>
     <span class='ocr_line' id='line_1_36' title="bbox 58 3593 1116 3663; baseline 0.005 -13"><span class='ocrx_word' id='word_1_315' title='bbox 58 3594 159 3651; x_wconf 86' lang='lat' dir='ltr'><strong>tientia</strong></span> <span class='ocrx_word' id='word_1_316' title='bbox 177 3594 293 3649; x_wconf 83' lang='lat' dir='ltr'><strong>rusticis</strong></span> <span class='ocrx_word' id='word_1_317' title='bbox 311 3595 450 3659; x_wconf 87' lang='lat' dir='ltr'><strong>debetur,</strong></span> <span class='ocrx_word' id='word_1_318' title='bbox 476 3593 527 3649; x_wconf 84' lang='lat' dir='ltr'><strong>sed</strong></span> <span class='ocrx_word' id='word_1_319' title='bbox 546 3594 587 3647; x_wconf 89' lang='lat' dir='ltr'><strong>ira</strong></span> <span class='ocrx_word' id='word_1_320' title='bbox 606 3604 634 3648; x_wconf 92' lang='lat' dir='ltr'><strong>et</strong></span> <span class='ocrx_word' id='word_1_321' title='bbox 653 3593 810 3663; x_wconf 77' lang='lat' dir='ltr'><strong>indignatio</strong></span> <span class='ocrx_word' id='word_1_322' title='bbox 829 3596 889 3651; x_wconf 86' lang='lat' dir='ltr'><strong>Dei</strong></span> <span class='ocrx_word' id='word_1_323' title='bbox 912 3608 942 3652; x_wconf 88' lang='lat' dir='ltr'><strong>et</strong></span> <span class='ocrx_word' id='word_1_324' title='bbox 958 3597 1116 3656; x_wconf 88' lang='lat' dir='ltr'><strong>hominum</strong></span> 
     </span>
     <span class='ocr_line' id='line_1_37' title="bbox 58 3683 1116 3756; baseline 0.003 -15"><span class='ocrx_word' id='word_1_325' title='bbox 58 3687 114 3751; x_wconf 86' lang='lat' dir='ltr'><strong>iis,</strong></span> <span class='ocrx_word' id='word_1_326' title='bbox 140 3684 190 3756; x_wconf 89' lang='lat' dir='ltr'><strong>qui</strong></span> <span class='ocrx_word' id='word_1_327' title='bbox 217 3700 278 3738; x_wconf 89' lang='lat' dir='ltr'><strong>non</strong></span> <span class='ocrx_word' id='word_1_328' title='bbox 303 3684 499 3754; x_wconf 87' lang='lat' dir='ltr'><strong>acquiescunt</strong></span> <span class='ocrx_word' id='word_1_329' title='bbox 516 3683 658 3750; x_wconf 84' lang='lat' dir='ltr'><strong>uronitis,</strong></span> <span class='ocrx_word' id='word_1_330' title='bbox 684 3701 741 3738; x_wconf 91' lang='lat' dir='ltr'><strong>nec</strong></span> <span class='ocrx_word' id='word_1_331' title='bbox 765 3685 872 3740; x_wconf 85' lang='lat' dir='ltr'><strong>oblatis</strong></span> <span class='ocrx_word' id='word_1_332' title='bbox 896 3689 1116 3749; x_wconf 79' lang='lat' dir='ltr'><strong>conditionibus</strong></span> 
     </span>
     <span class='ocr_line' id='line_1_38' title="bbox 58 3772 1117 3846; baseline 0.005 -16"><span class='ocrx_word' id='word_1_333' title='bbox 58 3773 248 3846; x_wconf 83' lang='lat' dir='ltr'><strong>aequissimis</strong></span> <span class='ocrx_word' id='word_1_334' title='bbox 273 3772 400 3838; x_wconf 89' lang='lat' dir='ltr'><strong>cedunt,</strong></span> <span class='ocrx_word' id='word_1_335' title='bbox 434 3773 486 3826; x_wconf 88' lang='lat' dir='ltr'><strong>sed</strong></span> <span class='ocrx_word' id='word_1_336' title='bbox 509 3773 609 3825; x_wconf 82' lang='lat' dir='ltr'><strong>furore</strong></span> <span class='ocrx_word' id='word_1_337' title='bbox 632 3772 752 3827; x_wconf 84' lang='lat' dir='ltr'><strong>Satanae</strong></span> <span class='ocrx_word' id='word_1_338' title='bbox 774 3775 841 3827; x_wconf 85' lang='lat' dir='ltr'><strong>solo</strong></span> <span class='ocrx_word' id='word_1_339' title='bbox 865 3789 991 3845; x_wconf 84' lang='lat' dir='ltr'><strong>pergunt</strong></span> <span class='ocrx_word' id='word_1_340' title='bbox 1016 3782 1117 3844; x_wconf 80' lang='lat' dir='ltr'><strong>omnia</strong></span> 
     </span>
     <span class='ocr_line' id='line_1_39' title="bbox 58 3860 1115 3939; baseline 0.004 -18"><span class='ocrx_word' id='word_1_341' title='bbox 58 3863 208 3931; x_wconf 85' lang='lat' dir='ltr'><strong>miscere,</strong></span> <span class='ocrx_word' id='word_1_342' title='bbox 234 3862 334 3933; x_wconf 88' lang='lat' dir='ltr'><strong>quales</strong></span> <span class='ocrx_word' id='word_1_343' title='bbox 353 3870 421 3914; x_wconf 91' lang='lat' dir='ltr'><strong>sunt</strong></span> <span class='ocrx_word' id='word_1_344' title='bbox 439 3860 484 3914; x_wconf 88' lang='lat' dir='ltr'><strong>isti</strong></span> <span class='ocrx_word' id='word_1_345' title='bbox 501 3861 676 3930; x_wconf 83' lang='lat' dir='ltr'><strong>Tlttrringici</strong></span> <span class='ocrx_word' id='word_1_346' title='bbox 695 3873 723 3915; x_wconf 87' lang='lat' dir='ltr'><strong>ct</strong></span> <span class='ocrx_word' id='word_1_347' title='bbox 742 3862 926 3919; x_wconf 79' lang='lat' dir='ltr'><strong>Franconici.</strong></span> <span class='ocrx_word' id='word_1_348' title='bbox 961 3867 1025 3922; x_wconf 89' lang='lat' dir='ltr'><strong>llos</strong></span> <span class='ocrx_word' id='word_1_349' title='bbox 1044 3886 1115 3939; x_wconf 80' lang='lat' dir='ltr'><strong>ergo</strong></span> 
     </span>
     <span class='ocr_line' id='line_1_40' title="bbox 52 3949 1133 4030; baseline 0.007 -22"><span class='ocrx_word' id='word_1_350' title='bbox 52 3952 237 4027; x_wconf 84' lang='lat' dir='ltr'><strong>justificare,</strong></span> <span class='ocrx_word' id='word_1_351' title='bbox 261 3951 371 4006; x_wconf 88' lang='lat' dir='ltr'><strong>horum</strong></span> <span class='ocrx_word' id='word_1_352' title='bbox 395 3949 549 4019; x_wconf 86' lang='lat' dir='ltr'><strong>misereri,</strong></span> <span class='ocrx_word' id='word_1_353' title='bbox 572 3951 627 4006; x_wconf 89' lang='lat' dir='ltr'><strong>illis</strong></span> <span class='ocrx_word' id='word_1_354' title='bbox 653 3951 771 4022; x_wconf 79' lang='lat' dir='ltr'><strong>sarcre,</strong></span> <span class='ocrx_word' id='word_1_355' title='bbox 798 3963 845 4010; x_wconf 86' lang='lat' dir='ltr'><strong>est</strong></span> <span class='ocrx_word' id='word_1_356' title='bbox 862 3955 967 4010; x_wconf 86' lang='lat' dir='ltr'><strong>Deum</strong></span> <span class='ocrx_word' id='word_1_357' title='bbox 990 3975 1097 4029; x_wconf 84' lang='lat' dir='ltr'><strong>negare</strong></span> <span class='ocrx_word' id='word_1_358' title='bbox 1105 3956 1133 4030; x_wconf 63' lang='lat'><strong>,&#39;</strong></span> 
     </span>
    </p>
   </div>
   <div class='ocr_carea' id='block_1_8' title="bbox 0 0 1292 4724">
    <p class='ocr_par' dir='ltr' id='par_1_8' title="bbox 0 0 1292 4724">
     <span class='ocr_line' id='line_1_41' title="bbox 0 0 1292 4724; baseline 0 2"><span class='ocrx_word' id='word_1_359' title='bbox 0 0 1292 4724; x_wconf 95' lang='lat' dir='ltr'><strong> </strong></span> 
     </span>
    </p>
   </div>
  </div>
 </body>
</html>
