2574 4724
194 288 256 362 288
674 298 766 365 1⁵2³.

260 452 316 509 Sed
332 461 364 510 ut
379 453 415 509 sd
432 469 495 511 rem
516 454 651 524 veniam,
677 456 777 526 rogavi
794 463 838 525 te,
862 463 896 511 ut
917 453 1240 529 munmrecprahdi

169 603 175 609 ‚
195 541 312 612 obires,
329 560 389 599 noo
406 543 488 616 quod
504 543 622 614 dignum
638 544 780 600 ducerem
797 555 845 610 te,
870 545 921 615 qui
939 546 1017 600 dono
1034 545 1096 600 Dei
1109 545 1240 601 meliori.

195 633 251 689 bus
268 632 357 687 rebus
371 633 483 688 servire
494 642 599 705 potes,
617 651 687 688 cum
696 634 744 689 his
762 635 850 688 larvis
863 628 1009 705 pugnare,
1027 635 1082 689 sed
1092 635 1239 706 quodego

195 721 369 792 occupatior
385 721 459 791 sim,
485 739 573 794 quam
590 732 622 777 ut
644 723 707 795 ipse
726 724 931 794 respondeam.
967 723 1046 778 Nam
1072 723 1128 778 etsi
1144 723 1241 779 homi-

195 826 265 885 nem
282 810 435 865 indoctum
451 810 481 865 in
498 826 530 866 re
547 826 631 866 saera
648 821 871 868 contemnerem
885 824 973 884 atque
986 813 1170 882 cogitarem,
1184 829 1240 869 uec

194 901 393 971 responsione
409 916 475 956 mea
492 900 597 957 millies
614 901 715 956 iterata
732 901 839 956 lirrnari
857 918 910 957 eos
928 918 1035 973 posse,
1052 901 1103 972 qui
1119 910 1182 956 tam
1193 916 1241 956 vs.

193 989 241 1044 nis
253 990 378 1061 ¹scriptis
395 998 557 1044 moventur
573 989 608 1045 ad
625 989 859 1044 dissentieudruu
879 990 980 1047 libello
1003 1007 1073 1047 meo
1092 990 1130 1044 de
1147 990 1240 1058 votis,

194 1080 328 1134 omniurn
341 1096 419 1150 quos
432 1079 540 1150 scripsi
558 1080 645 1133 etiam
661 1096 710 1134 me
722 1088 799 1134 teste
815 1080 1031 1146 munitissimo,
1049 1089 1078 1134 et
1093 1081 1179 1151 quod
1195 1096 1242 1135 au.

194 1168 251 1222 sim
268 1169 404 1238 gloriari,
427 1168 552 1223 invicto:
578 1177 675 1222 tamen
692 1169 794 1223 amieis
812 1169 989 1239 quibusdam
1005 1169 1048 1224 sic
1065 1168 1241 1225 instantibus

195 1267 224 1312 et
241 1257 415 1328 urgentibus
433 1257 512 1312 cessi
522 1296 532 1324 ,
548 1267 581 1311 ut
597 1258 837 1330 respondendum
856 1258 893 1314 illi
912 1274 978 1313 esse
998 1274 1166 1315 censerem.

258 1369 310 1423 Tu
328 1385 398 1437 ergo
416 1385 560 1441 prospere
578 1371 708 1441 procede
725 1369 754 1423 in
773 1371 895 1427 Christo
906 1377 921 1438 ,'
932 1381 964 1426 ut
980 1371 1030 1442 qui
1042 1370 1242 1427 minoritiosm

195 1469 310 1514 sectam
327 1459 441 1529 egregie
460 1460 588 1527 callens,
605 1459 699 1531 probe
718 1460 879 1530 intelligas,
897 1470 971 1532 quot
987 1461 1064 1516 locis
1081 1460 1244 1516 Thesauri.

195 1566 269 1608 vora
288 1549 335 1603 ille
352 1549 507 1620 Indagator
523 1560 552 1605 et
569 1549 699 1606 Conator
714 1551 871 1620 mentitur,
887 1554 912 1619 ¹)
933 1552 1003 1605 dum
1020 1549 1107 1607 nobis
1124 1566 1244 1623 persuu-

194 1639 265 1693 dere
284 1649 424 1707 conatur,
450 1648 480 1692 at
497 1639 669 1705 credamus,
696 1647 756 1693 tam
773 1640 923 1708 vulgarem
947 1655 1013 1694 esse
1031 1639 1109 1712 apud
1126 1641 1244 1711 religio.

195 1745 249 1784 sos
272 1728 361 1783 iidem
386 1737 415 1782 et
433 1728 616 1796 castitatem,
642 1743 731 1799 quam
753 1730 889 1797 vulgares
915 1738 983 1784 sunt
1006 1730 1061 1801 ipsi
1083 1731 1242 1800 monachi,

195 1817 369 1892 praesertim
386 1817 567 1885 Minoritse,
586 1832 655 1871 cum
673 1833 727 1871 sua
744 1816 835 1888 ipsius
853 1819 1047 1887 conscientia,
1072 1826 1137 1873 tum
1152 1834 1244 1893 expe.

194 1907 297 1963 rieutia
315 1923 383 1961 eum
399 1907 487 1974 longe
509 1905 591 1960 aliter
607 1905 749 1971 doceant,
773 1906 828 1960 nisi
846 1906 927 1978 quod
943 1923 1051 1977 parum
1068 1907 1244 1964 Minoritam

197 2006 317 2068 oportet
335 2011 401 2051 esse
414 2011 522 2068 purum
533 1993 728 2066 hypocritam.
762 1992 810 2048 Sic
823 1995 900 2049 enim
912 1995 1060 2066 loquitur,
1078 1997 1159 2052 sicut
1175 1999 1245 2055 lnc-

198 2072 284 2141 tenus
301 2085 459 2151 vixerunt,
485 2084 612 2138 credens
629 2095 687 2138 tam
710 2084 857 2139 neminem
875 2086 960 2153 lore,
984 2085 1035 2156 qui
1051 2087 1246 2144 mentientem

195 2176 353 2246 intelligat,
371 2190 457 2246 quam
474 2174 621 2228 hactenus
638 2189 727 2227 nemo
743 2174 816 2242 fuit,
834 2174 884 2246 qui
901 2185 1016 2246 putaret
1027 2191 1080 2230 eos
1099 2191 1168 2232 esse
1184 2194 1247 2233 rue.

195 2272 243 2320 'ras
262 2279 422 2337 personas,
446 2273 475 2318 et
500 2271 533 2318 ut
549 2261 658 2318 Paulus
675 2262 733 2331 ait,
758 2261 877 2334 species
895 2264 1026 2335 pietatis,
1053 2265 1138 2336 cujus
1155 2267 1248 2324 virtu·

197 2365 259 2410 tem
278 2353 431 2421 abnegant·

262 2466 408 2538 Quamvis
426 2476 523 2520 autem
540 2483 602 2520 non
621 2483 705 2534 egeas
724 2476 755 2521 ut
769 2467 934 2535 indicem2)
954 2468 1020 2538 tibi,
1039 2467 1109 2540 quid
1127 2469 1248 2542 potissi.

196 2571 280 2611 mum
296 2558 325 2611 in
349 2556 398 2610 illo
417 2556 600 2611 confutatum
616 2553 643 2620 ³)
669 2566 817 2626 oporteat:
841 2567 938 2632 tamen
956 2568 987 2613 ut
1004 2575 1064 2613 uno
1082 2574 1175 2615 sensu
1191 2575 1245 2616 nos

198 2645 277 2700 idem
294 2646 431 2700 damnare
448 2646 562 2710 videat,
586 2646 656 2699 volo
674 2657 703 2700 et
719 2647 782 2717 ipse
799 2648 859 2702 lroc
872 2665 1016 2716 monere,
1040 2650 1123 2719 quod
1139 2651 1245 2721 procul

159 2774 163 2781 .
198 2722 288 2790 dubio
306 2736 453 2802 Christus,
471 2736 520 2806 qui
538 2746 566 2789 te
580 2734 677 2803 docet,
698 2737 725 2790 in
744 2748 771 2791 te
785 2737 927 2792 monebit.
962 2739 1029 2793 Hoc
1042 2751 1141 2794 autem
1156 2733 1246 2804 esni)

199 2810 279 2897 quod
291 2825 384 2880 homo
399 2825 445 2879 ille
456 2834 599 2897 perpetuo
614 2825 688 2879 libro
700 2828 788 2880 multa
800 2817 831 2889 ⁵)
849 2837 928 2881 certe
947 2828 1016 2882 satis
1034 2845 1050 2881 e
1063 2824 1246 2901 Scriptura⁶)

199 2916 329 2980 adducit,
347 2924 375 2969 et
392 2914 420 2967 in
436 2914 566 2983 margine
579 2914 746 2982 gloriosius,
765 2932 853 2985 quam
870 2916 973 2971 deceat
984 2916 1160 2972 Minoritam
1178 2920 1247 2990 (uisi

199 2995 370 3077 h'ypocrisis
387 3005 531 3068 faceret),
552 2990 690 3057 ostentat.
724 3003 764 3057 Et
781 3022 841 3059 non
859 3005 937 3060 videt
956 3005 1071 3060 interim
1090 3025 1203 3066 caecus
1221 3020 1249 3064 ct

200 3096 339 3164 insipiens
357 3094 534 3163 indagator,
552 3110 639 3164 quam
653 3093 699 3146 illa
712 3095 809 3148 omnia
823 3111 946 3165 prorsus
959 3096 1030 3151 nihil
1043 3097 1076 3150 ad
1095 3116 1160 3153 rem
1180 3099 1248 3155 laci.

200 3198 264 3250 ant,
290 3183 370 3256 quod
394 3183 466 3238 adeo
483 3183 689 3249 manifestum,
706 3174 736 3249 7)
763 3195 794 3238 ut
812 3184 936 3253 ipsemet
954 3197 1076 3254 cogatur
1093 3188 1246 3255 confiteri,

199 3274 291 3330 modo
309 3273 335 3327 ei
354 3271 441 3342 digito
459 3271 605 3325 crassiore
623 3271 809 3339 ostendatur,
828 3272 889 3326 hoc
905 3273 1011 3329 modo:

268 3387 377 3443 Nonne
395 3387 492 3439 omnia
509 3385 600 3438 verba
627 3392 656 3437 et
673 3385 748 3437 sacta
768 3384 935 3455 scripturae
952 3395 1020 3439 sunt
1038 3403 1167 3456 prorsus
1187 3408 1246 3447 om.

200 3479 282 3533 nium
307 3476 542 3531 Christianorum
558 3469 589 3540 ⁸)
615 3475 811 3530 documenta?
838 3475 917 3529 sicut
940 3473 1049 3530 Paulus
1073 3478 1166 3535 Rom.
1186 3480 1243 3537 XV.

201 3567 286 3622 dicit:
322 3567 530 3641 Quaecunque
558 3563 681 3635 scripta
711 3570 801 3631 sunt,
829 3563 876 3618 ad
895 3570 1042 3618 nostram
1066 3566 1246 3626 doctrinam

253 3820 273 3865 ι)
288 3815 345 3860 vtt.
360 3813 496 3860 mentiatur.
533 3817 555 3865 2)
570 3813 628 3860 Vit.
642 3815 780 3858 monstrem.
813 3813 835 3864 3)
849 3811 906 3857 vit.
921 3811 945 3856 in
959 3811 1003 3857 illo
1017 3825 1060 3858 suo
1076 3825 1134 3859 rere
1149 3815 1247 3865 urlnoris

201 3889 251 3935 tico
266 3888 327 3935 libro
341 3887 479 3934 relatarum.
520 3891 542 3941 t)
557 3887 614 3932 vit.
629 3899 714 3942 nempe
727 3886 782 3932 hoc.
823 3886 1017 3938 Slvitrmolto.
1059 3891 1081 3940 6)
1096 3888 1156 3936 vtt.
1172 3891 1248 3948 scrip

201 3961 269 4011 turis.
318 3961 441 4014 a'l'tl'it-
457 3964 500 4006 cst.
549 3963 572 4014 t)
588 3959 642 4005 vit.
658 3957 828 4012 reommuuia.
