2574 4724
176 307 237 373 ass
520 320 545 406 j
649 312 738 375 1522.

174 464 264 533 dicit,
283 474 312 519 et
329 475 361 520 ιιι
379 481 446 519 eum
463 465 524 521 hoc
542 484 601 522 non
617 469 641 534 1)
661 469 807 536 docuisti,
827 478 908 523 certe
925 467 1038 522 animus
1057 466 1122 536 ejus
1140 467 1220 536 ejus.

173 554 254 610 modi
272 565 336 622 est,
353 556 409 627 -qui
432 556 543 611 larvam
560 558 753 615 cardinalatus
772 570 800 614 et
819 574 957 631 pompam
975 558 1219 629 episcopalem2)

169 645 323 715 ablegare,
341 654 371 701 et
387 645 470 705 verbi
487 647 652 702 ministerio
671 664 704 702 se
723 649 1104 720 accingerepraestituerit.
1121 645 1146 714 3)
1178 650 1220 700 At

172 733 248 789 haec
265 726 354 804 qual)
372 735 489 789 suadela
507 737 572 790 sore
590 737 769 792 credemus?
795 737 982 808 Impossibile
1000 746 1057 804 est,
1074 745 1108 790 ut
1126 736 1219 789 invia

172 822 275 878 salutis
293 824 349 891 sit,
367 825 465 878 donec
482 825 571 880 fuerit
588 825 750 896 episcopus
768 836 812 880 tot
828 826 1053 892 Ecclesiamm,
1079 841 1149 878 cum
1165 826 1218 878 a'ix

170 913 322 983 parvulam
348 913 519 984 parochiam
544 914 746 968 administrare
772 925 879 985 potens
905 915 953 970 sit.
988 918 1028 969 At
1053 904 1078 980 ⁵)
1102 913 1217 968 difficile

170 1012 234 1069 est,
252 1015 285 1056 ut
301 1003 450 1072 resignet,
469 1015 498 1057 et
515 1005 665 1074 parochus
685 1004 741 1058 liat.
775 1005 816 1061 Et
827 1005 917 1076 quis,
946 1005 1081 1076 inquies,
1100 1005 1218 1059 audebit

169 1094 245 1147 haec
262 1085 286 1160 ⁶)
305 1083 451 1162 exigere?
481 1093 680 1163 Respomleo:
709 1104 739 1148 et
763 1095 916 1165 quomodo
939 1106 971 1148 tu
994 1111 1120 1152 securus
1139 1094 1216 1160 eris,

168 1181 226 1236 nisi
252 1181 407 1236 veritatem
431 1181 508 1235 hanc
537 1182 564 1235 ei
593 1182 741 1255 cognitam
765 1180 886 1237 feceris.
920 1182 1001 1237 Fove
1030 1193 1060 1237 et
1089 1183 1216 1236 connive

168 1280 291 1344 postea,
318 1271 373 1327 sed
388 1270 518 1342 primum
533 1271 608 1327 haec
627 1272 654 1324 ei
670 1281 740 1325 nota
758 1271 864 1339 facito,
886 1272 979 1339 sciat,
997 1289 1057 1342 quo
1077 1272 1216 1343 peccari,

169 1377 231 1433 quo
247 1377 308 1416 non
326 1360 444 1432 peccari
460 1361 567 1431 possit.
601 1360 720 1415 Deinde
734 1377 772 1414 ne
788 1371 950 1430 peccetur,
969 1377 1149 1431 cooperare,
1168 1372 1218 1415 aut

168 1451 196 1506 si
213 1450 362 1521 peccarit,
388 1449 533 1518 tolerato,
556 1461 740 1504 nouantem
764 1451 924 1504 conniveto
951 1461 980 1504 et
1002 1450 1127 1504 tolerato
1150 1462 1216 1505 ante

169 1530 376 1606 scientiam.⁷>
410 1538 476 1592 Hoc
501 1538 580 1591 enim
606 1539 676 1592 facit
702 1539 831 1593 crudelis
861 1539 1004 1605 adulatio,
1033 1555 1108 1609 quae
1135 1539 1217 1608 lingit

167 1628 345 1684 modestiam
363 1627 426 1681 sive
444 1627 655 1694 christianam,
673 1627 738 1681 sive
755 1627 924 1682 humanam.

231 1741 303 1795 Jarn
318 1733 344 1807 ⁸)
362 1739 514 1810 quomodo
532 1748 561 1793 et
578 1738 639 1792 hoc
655 1754 761 1792 verum
779 1754 847 1792 esse
871 1738 1005 1805 credam,
1031 1738 1111 1808 quod
1137 1749 1167 1791 et
1183 1749 1215 1792 tu

168 1829 293 1896 scribis,
312 1828 500 1882 sacerdotem
512 1828 653 1881 uxorium
669 1826 841 1894 liberatum,
860 1838 888 1880 et
906 1827 953 1880 ille
968 1827 1091 1894 scribit,
1110 1844 1216 1880 causas

168 1917 317 1974 scribendi
344 1916 434 1971 libelli
456 1915 516 1970 mei
538 1915 713 1985 jamdudum
736 1915 865 1970 sublatas
890 1916 1051 1971 emedio?
1084 1915 1217 1970 Pulchra

72 2073 75 2083 Ι
167 2008 321 2076 liberatio,
347 2006 431 2077 quasi
454 2023 516 2061 non
538 2006 638 2076 potior
661 2005 768 2060 fuisset
785 2006 850 2075 ejus
867 1998 892 2071 9)
910 2005 1036 2060 occisio.
1070 2006 1216 2075 Abjurare

169 2096 311 2168 coegistis
335 2094 513 2149 uxorculam
538 2103 641 2148 contra
665 2095 700 2160 ¹⁰)
726 2094 958 2163 conscientiam,
987 2094 1024 2148 de
1050 2110 1110 2164 quo
1135 2111 1216 2148 nunc

168 2187 259 2241 dolet.
294 2185 450 2252 Obsecro,
468 2199 504 2238 an
521 2182 639 2237 tentatis
657 2182 745 2236 etiam
762 2182 904 2252 Spiritum
921 2186 1078 2239 sanctum?
1105 2183 1215 2237 Nonne

168 2275 368 2347 perseveratis
386 2273 416 2327 in
433 2273 502 2326 odio
520 2270 712 2326 sacerdotalis
731 2271 877 2340 conjugii,
902 2271 998 2325 donec
1014 2288 1075 2325 non
1092 2287 1216 2324 revoca.

168 2366 209 2420 tis
226 2361 592 2439 exactamabjurationem
608 2372 638 2414 et
655 2360 774 2414 divortii
793 2360 906 2431 impleti
923 2364 956 2426 ¹¹)
974 2361 1166 2415 violentiam?

233 2478 372 2531 Scortum
395 2483 460 2540 est,
487 2473 604 2544 inquis,
629 2472 666 2539 ¹2)
691 2471 795 2525 rhetor
819 2471 941 2542 optime.
974 2474 1015 2524 At
1042 2471 1103 2525 hoc
1132 2467 1215 2542 prius

170 2564 384 2638 explorandum
402 2564 506 2617 tuerat.
538 2563 625 2630 Jam,
643 2569 676 2614 ut
692 2560 820 2615 maxime
839 2571 973 2615 scortum
991 2562 1096 2629 tuerit,
1115 2579 1170 2615 cur
1187 2564 1217 2617 in

77 2703 82 2715 ,
168 2657 250 2710 hunc
268 2670 360 2708 unum
377 2652 576 2720 insanivistis,
603 2661 631 2705 et
648 2650 812 2723 prostibula
836 2661 936 2705 vestra
959 2651 1196 2707 ltalherstadiana
1207 2694 1216 2720 ,

170 2743 347 2813 Moguntina
364 2752 393 2796 et
404 2740 672 2810 Magdeburgensia
684 2739 797 2809 aliaque
810 2732 962 2793 innumera
974 2741 1083 2794 clausis
1097 2742 1216 2796 auribus

170 2844 316 2904 perpetuo
334 2830 484 2885 transitis?
503 2822 608 2884 'Vides
626 2838 705 2883 trram
723 2828 905 2881 rhetoricam
921 2829 973 2883 hic
991 2826 1026 2896 13)
1044 2830 1117 2883 nihil
1136 2847 1216 2898 esse,

169 2923 296 2978 Fabrici.
331 2921 436 2987 Certe,
454 2919 504 2972 ubi
523 2905 718 2973 confitebatur
733 2933 862 2971 uxorem
880 2936 967 2987 esse,
985 2936 1041 2974 vos
1059 2916 1216 2989 quiescere

172 3022 360 3085 oportuerat,
386 3020 434 3063 aut
450 3009 577 3064 Paulmn
594 3009 767 3074 confutare,
796 3008 847 3078 qui
865 3008 1030 3063 doctrinam
1047 3009 1216 3064 daemonio.

171 3121 238 3159 rum
260 3118 390 3169 vocans,
416 3100 581 3155 clarissime
607 3099 721 3151 damnat
745 3098 835 3152 istum
858 3099 1041 3154 caelibatum.
1077 3099 1165 3172 Quod
1190 3101 1216 3155 si

171 3194 347 3248 mentiretur
362 3206 490 3247 uxorem
511 3205 597 3245 suam
612 3179 648 3255 1ίῆ)
666 3202 751 3252 esse,
777 3188 943 3259 periculum
965 3189 1030 3258 ejus
1057 3198 1133 3256 erat,
1158 3206 1215 3246 vos

173 3284 246 3338 salvi
265 3283 363 3337 eratis.

223 3536 243 3586 ι)
258 3531 351 3578 Auris.
365 3530 459 3576 sincere
474 3541 534 3575 enta.
565 3530 588 3581 2)
602 3527 695 3573 Auris.
711 3528 899 3586 episcopatuum.
930 3531 953 3578 3)
968 3528 1061 3574 Antis.
1077 3531 1214 3586 praestabit.

173 3606 306 3662 &Vitela
321 3605 367 3650 hoc
381 3615 487 3661 quatiam.
529 3606 552 3656 5)
565 3604 661 3649 vitet.
676 3614 699 3649 u.
713 3607 732 3649 ι.
745 3604 766 3649 ι.
778 3605 825 3653 Dt-
842 3603 993 3659 impossibile
1007 3607 1057 3660 est,
1076 3610 1102 3650 ut
1115 3606 1148 3650 sic
1163 3619 1217 3663 par:

174 3682 254 3727 valam
267 3678 406 3737 parochiam
418 3676 585 3723 administrare
598 3681 685 3733 potens
698 3677 744 3739 sit,
758 3688 792 3722 aa.
830 3679 851 3730 6)
869 3676 966 3722 vitet.
985 3677 1039 3723 hoc.
1078 3680 1099 3730 7)
1119 3679 1216 3725 t'itet.

174 3763 193 3803 t.
207 3758 227 3801 t.
240 3755 286 3804 tiit.
299 3752 406 3799 tolerato
420 3753 445 3796 et
457 3750 604 3805 connivero,
623 3750 675 3795 sive
689 3762 732 3806 per
745 3748 911 3800 carminum,
933 3751 985 3795 site
999 3751 1122 3796 burnaham
1136 3754 1217 3797 mode.-
1245 3759 1255 3770 ‘

175 3826 294 3880 stiam‚si
306 3824 379 3881 imple
392 3824 519 3871 erraverit.
556 3827 578 3877 8)
597 3823 804 3876 Viteb.†vero.
843 3824 864 3874 ll
883 3823 979 3869 Vitcb.
999 3825 1028 3869 ei.
1067 3829 1099 3876 tut
1120 3826 1214 3871 Viteb.

176 3903 299 3961 adversus.
337 3895 480 3948 invitet.
496 3897 561 3943 tacti.
599 3898 633 3950 ¹2)
651 3895 747 3943 vitea
766 3895 857 3953 laquis,
876 3899 935 3941 erat.
974 3901 1005 3951 tl)
1021 3898 1212 3945 vitea-luc.

176 3977 209 4030 tl)
228 3971 325 4025 t'iteb.
336 3993 363 4005 -
374 3980 448 4015 stau.
769 3986 772 3991 ·
