<?xml version="1.0" encoding="UTF-8"?>
<!DOCTYPE html PUBLIC "-//W3C//DTD XHTML 1.0 Transitional//EN"
    "http://www.w3.org/TR/xhtml1/DTD/xhtml1-transitional.dtd">
<html xmlns="http://www.w3.org/1999/xhtml" xml:lang="en" lang="en">
 <head>
  <title>
</title>
<meta http-equiv="Content-Type" content="text/html;charset=utf-8" />
  <meta name='ocr-system' content='tesseract 3.04.00' />
  <meta name='ocr-capabilities' content='ocr_page ocr_carea ocr_par ocr_line ocrx_word'/>
</head>
<body>
  <div class='ocr_page' id='page_1' title='image "./briefesendschre03luthgoog/briefesendschre03luthgoog_0549.png"; bbox 0 0 2574 4724; ppageno 0'>
   <div class='ocr_carea' id='block_1_1' title="bbox 546 312 1116 386">
    <p class='ocr_par' dir='ltr' id='par_1_1' title="bbox 546 312 1116 386">
     <span class='ocr_line' id='line_1_1' title="bbox 546 312 1116 386; baseline -0.002 0"><span class='ocrx_word' id='word_1_1' title='bbox 546 315 636 386; x_wconf 70' lang='lat' dir='ltr'>ttri-</span> <span class='ocrx_word' id='word_1_2' title='bbox 661 320 663 325; x_wconf 77' lang='grc'>’</span> <span class='ocrx_word' id='word_1_3' title='bbox 1054 312 1116 385; x_wconf 69' lang='lat'>527</span> 
     </span>
    </p>
   </div>
   <div class='ocr_carea' id='block_1_2' title="bbox 22 472 1158 3155">
    <p class='ocr_par' dir='ltr' id='par_1_2' title="bbox 56 472 1158 1982">
     <span class='ocr_line' id='line_1_2' title="bbox 59 472 1118 550; baseline -0.003 -20"><span class='ocrx_word' id='word_1_4' title='bbox 59 475 172 541; x_wconf 81' lang='lat' dir='ltr'>urrisit,</span> <span class='ocrx_word' id='word_1_5' title='bbox 201 473 262 530; x_wconf 85' lang='lat' dir='ltr'>sed</span> <span class='ocrx_word' id='word_1_6' title='bbox 274 474 527 550; x_wconf 76' lang='lat' dir='ltr'>nibiiresputtdit.</span> <span class='ocrx_word' id='word_1_7' title='bbox 561 472 795 535; x_wconf 76' lang='lat' dir='ltr'>Interim‘rideo.</span> <span class='ocrx_word' id='word_1_8' title='bbox 814 473 991 549; x_wconf 68' lang='lat' dir='ltr'>hujusmodi</span> <span class='ocrx_word' id='word_1_9' title='bbox 1006 475 1032 542; x_wconf 85' lang='lat'>¹)</span> <span class='ocrx_word' id='word_1_10' title='bbox 1054 475 1118 546; x_wconf 69' lang='lat' dir='ltr'>pia)</span> 
     </span>
     <span class='ocr_line' id='line_1_3' title="bbox 58 563 1158 640; baseline -0.001 -21"><span class='ocrx_word' id='word_1_11' title='bbox 58 567 158 620; x_wconf 90' lang='lat' dir='ltr'>cuisse</span> <span class='ocrx_word' id='word_1_12' title='bbox 176 567 334 622; x_wconf 82' lang='lat' dir='ltr'>consiliunt</span> <span class='ocrx_word' id='word_1_13' title='bbox 351 563 379 623; x_wconf 82' lang='lat' dir='ltr'>et</span> <span class='ocrx_word' id='word_1_14' title='bbox 396 578 518 640; x_wconf 90' lang='lat' dir='ltr'>optare,</span> <span class='ocrx_word' id='word_1_15' title='bbox 535 578 568 624; x_wconf 90' lang='lat' dir='ltr'>ut</span> <span class='ocrx_word' id='word_1_16' title='bbox 581 569 610 623; x_wconf 87' lang='lat' dir='ltr'>id</span> <span class='ocrx_word' id='word_1_17' title='bbox 622 569 652 635; x_wconf 82' lang='lat'>²)</span> <span class='ocrx_word' id='word_1_18' title='bbox 670 567 897 639; x_wconf 79' lang='lat' dir='ltr'>quamprimum</span> <span class='ocrx_word' id='word_1_19' title='bbox 911 575 1113 621; x_wconf 71' lang='lat' dir='ltr'>maturaretur.</span> <span class='ocrx_word' id='word_1_20' title='bbox 1155 569 1158 575; x_wconf 87' lang='lat'>&#39;</span> 
     </span>
     <span class='ocr_line' id='line_1_4' title="bbox 60 650 1113 728; baseline 0 -20"><span class='ocrx_word' id='word_1_21' title='bbox 60 654 95 708; x_wconf 87' lang='lat' dir='ltr'>ld</span> <span class='ocrx_word' id='word_1_22' title='bbox 113 666 211 709; x_wconf 92' lang='lat' dir='ltr'>autem</span> <span class='ocrx_word' id='word_1_23' title='bbox 229 667 292 710; x_wconf 90' lang='lat' dir='ltr'>tum</span> <span class='ocrx_word' id='word_1_24' title='bbox 310 657 552 711; x_wconf 75' lang='lat' dir='ltr'>commodissime</span> <span class='ocrx_word' id='word_1_25' title='bbox 571 657 671 725; x_wconf 80' lang='lat' dir='ltr'>iieret,</span> <span class='ocrx_word' id='word_1_26' title='bbox 698 656 723 710; x_wconf 92' lang='lat' dir='ltr'>si</span> <span class='ocrx_word' id='word_1_27' title='bbox 740 657 867 728; x_wconf 87' lang='lat' dir='ltr'>populus</span> <span class='ocrx_word' id='word_1_28' title='bbox 885 650 1024 712; x_wconf 86' lang='lat' dir='ltr'>Prussiae</span> <span class='ocrx_word' id='word_1_29' title='bbox 1043 670 1113 709; x_wconf 89' lang='lat' dir='ltr'>oum</span> 
     </span>
     <span class='ocr_line' id='line_1_5' title="bbox 58 744 1129 817; baseline 0.002 -20"><span class='ocrx_word' id='word_1_30' title='bbox 58 744 238 815; x_wconf 71' lang='lat' dir='ltr'>proceribus</span> <span class='ocrx_word' id='word_1_31' title='bbox 257 746 317 800; x_wconf 86' lang='lat' dir='ltr'>suis</span> <span class='ocrx_word' id='word_1_32' title='bbox 336 747 470 801; x_wconf 73' lang='lat' dir='ltr'>instructi</span> <span class='ocrx_word' id='word_1_33' title='bbox 488 747 629 817; x_wconf 79' lang='lat' dir='ltr'><strong>precibus</strong></span> <span class='ocrx_word' id='word_1_34' title='bbox 646 762 716 799; x_wconf 90' lang='lat' dir='ltr'>eum</span> <span class='ocrx_word' id='word_1_35' title='bbox 727 755 881 815; x_wconf 87' lang='lat' dir='ltr'>urgerent,</span> <span class='ocrx_word' id='word_1_36' title='bbox 899 755 932 800; x_wconf 91' lang='lat' dir='ltr'>ut</span> <span class='ocrx_word' id='word_1_37' title='bbox 944 745 1004 800; x_wconf 89' lang='lat' dir='ltr'>boc</span> <span class='ocrx_word' id='word_1_38' title='bbox 1016 744 1129 816; x_wconf 62' lang='lat' dir='ltr'>ipsum*</span> 
     </span>
     <span class='ocr_line' id='line_1_6' title="bbox 61 835 1118 908; baseline -0.001 -21"><span class='ocrx_word' id='word_1_39' title='bbox 61 844 232 890; x_wconf 78' lang='lat' dir='ltr'>attentaret:</span> <span class='ocrx_word' id='word_1_40' title='bbox 248 836 293 890; x_wconf 90' lang='lat' dir='ltr'>sic</span> <span class='ocrx_word' id='word_1_41' title='bbox 311 838 406 904; x_wconf 80' lang='lat' dir='ltr'>foret,</span> <span class='ocrx_word' id='word_1_42' title='bbox 426 847 458 890; x_wconf 91' lang='lat' dir='ltr'>ut</span> <span class='ocrx_word' id='word_1_43' title='bbox 475 850 594 892; x_wconf 82' lang='lat' dir='ltr'>causum</span> <span class='ocrx_word' id='word_1_44' title='bbox 611 835 734 890; x_wconf 90' lang='lat' dir='ltr'>baberet</span> <span class='ocrx_word' id='word_1_45' title='bbox 749 835 949 890; x_wconf 87' lang='lat' dir='ltr'>necessariam</span> <span class='ocrx_word' id='word_1_46' title='bbox 961 845 990 892; x_wconf 93' lang='lat' dir='ltr'>et</span> <span class='ocrx_word' id='word_1_47' title='bbox 1001 836 1118 908; x_wconf 82' lang='lat' dir='ltr'>polian.</span> 
     </span>
     <span class='ocr_line' id='line_1_7' title="bbox 59 922 1115 997; baseline 0 -18"><span class='ocrx_word' id='word_1_48' title='bbox 59 935 121 979; x_wconf 90' lang='lat' dir='ltr'>tem</span> <span class='ocrx_word' id='word_1_49' title='bbox 152 926 186 978; x_wconf 92' lang='lat' dir='ltr'>ad</span> <span class='ocrx_word' id='word_1_50' title='bbox 211 941 304 996; x_wconf 88' lang='lat' dir='ltr'>opus,</span> <span class='ocrx_word' id='word_1_51' title='bbox 328 927 409 997; x_wconf 89' lang='lat' dir='ltr'>quod</span> <span class='ocrx_word' id='word_1_52' title='bbox 433 937 524 996; x_wconf 88' lang='lat' dir='ltr'>optat.</span> <span class='ocrx_word' id='word_1_53' title='bbox 559 925 598 980; x_wconf 88' lang='lat' dir='ltr'>Et</span> <span class='ocrx_word' id='word_1_54' title='bbox 616 926 646 979; x_wconf 90' lang='lat' dir='ltr'>in</span> <span class='ocrx_word' id='word_1_55' title='bbox 662 926 741 994; x_wconf 88' lang='lat' dir='ltr'>hoc,</span> <span class='ocrx_word' id='word_1_56' title='bbox 767 925 798 979; x_wconf 90' lang='lat' dir='ltr'>ni</span> <span class='ocrx_word' id='word_1_57' title='bbox 816 925 919 992; x_wconf 78' lang='lat' dir='ltr'>ratior,</span> <span class='ocrx_word' id='word_1_58' title='bbox 942 924 1068 979; x_wconf 80' lang='lat' dir='ltr'>mittitur</span> <span class='ocrx_word' id='word_1_59' title='bbox 1083 922 1115 992; x_wconf 80' lang='lat'>³)</span> 
     </span>
     <span class='ocr_line' id='line_1_8' title="bbox 60 1012 1115 1086; baseline 0 -18"><span class='ocrx_word' id='word_1_60' title='bbox 60 1014 148 1068; x_wconf 85' lang='lat' dir='ltr'>etiam</span> <span class='ocrx_word' id='word_1_61' title='bbox 164 1012 276 1070; x_wconf 85' lang='lat' dir='ltr'>Pauius</span> <span class='ocrx_word' id='word_1_62' title='bbox 294 1017 441 1086; x_wconf 74' lang='lat' dir='ltr'>speratus.</span> <span class='ocrx_word' id='word_1_63' title='bbox 475 1015 551 1069; x_wconf 88' lang='lat' dir='ltr'>Cum</span> <span class='ocrx_word' id='word_1_64' title='bbox 575 1028 647 1085; x_wconf 79' lang='lat' dir='ltr'>ergo</span> <span class='ocrx_word' id='word_1_65' title='bbox 672 1014 722 1070; x_wconf 89' lang='lat' dir='ltr'>bic</span> <span class='ocrx_word' id='word_1_66' title='bbox 746 1015 847 1070; x_wconf 87' lang='lat' dir='ltr'>videas</span> <span class='ocrx_word' id='word_1_67' title='bbox 874 1014 987 1070; x_wconf 90' lang='lat' dir='ltr'>ostium</span> <span class='ocrx_word' id='word_1_68' title='bbox 1009 1014 1115 1086; x_wconf 91' lang='lat' dir='ltr'>aperiri</span> 
     </span>
     <span class='ocr_line' id='line_1_9' title="bbox 58 1099 1116 1176; baseline -0.001 -18"><span class='ocrx_word' id='word_1_69' title='bbox 58 1117 166 1174; x_wconf 87' lang='lat' dir='ltr'>magno</span> <span class='ocrx_word' id='word_1_70' title='bbox 184 1112 214 1158; x_wconf 87' lang='lat' dir='ltr'>et</span> <span class='ocrx_word' id='word_1_71' title='bbox 230 1099 355 1159; x_wconf 77' lang='lat' dir='ltr'>mirifico</span> <span class='ocrx_word' id='word_1_72' title='bbox 373 1106 456 1176; x_wconf 88' lang='lat' dir='ltr'>operi</span> <span class='ocrx_word' id='word_1_73' title='bbox 472 1104 615 1173; x_wconf 78' lang='lat' dir='ltr'>Domini,</span> <span class='ocrx_word' id='word_1_74' title='bbox 634 1118 694 1176; x_wconf 88' lang='lat' dir='ltr'>quo</span> <span class='ocrx_word' id='word_1_75' title='bbox 713 1105 1018 1176; x_wconf 84' lang='lat' dir='ltr'>exemplumquoque</span> <span class='ocrx_word' id='word_1_76' title='bbox 1030 1120 1116 1175; x_wconf 86' lang='lat' dir='ltr'>prae.</span> 
     </span>
     <span class='ocr_line' id='line_1_10' title="bbox 62 1194 1115 1266; baseline -0.001 -18"><span class='ocrx_word' id='word_1_77' title='bbox 62 1194 184 1248; x_wconf 88' lang='lat' dir='ltr'>beretur</span> <span class='ocrx_word' id='word_1_78' title='bbox 200 1195 262 1249; x_wconf 89' lang='lat' dir='ltr'>aiiis</span> <span class='ocrx_word' id='word_1_79' title='bbox 280 1196 391 1250; x_wconf 87' lang='lat' dir='ltr'>nostris</span> <span class='ocrx_word' id='word_1_80' title='bbox 411 1194 579 1266; x_wconf 86' lang='lat' dir='ltr'>episcopis,</span> <span class='ocrx_word' id='word_1_81' title='bbox 605 1194 656 1265; x_wconf 89' lang='lat' dir='ltr'>qui</span> <span class='ocrx_word' id='word_1_82' title='bbox 678 1194 804 1263; x_wconf 83' lang='lat' dir='ltr'>velient,</span> <span class='ocrx_word' id='word_1_83' title='bbox 831 1203 861 1249; x_wconf 91' lang='lat' dir='ltr'>et</span> <span class='ocrx_word' id='word_1_84' title='bbox 884 1195 948 1249; x_wconf 90' lang='lat' dir='ltr'>sine</span> <span class='ocrx_word' id='word_1_85' title='bbox 973 1194 1115 1263; x_wconf 89' lang='lat' dir='ltr'>exemplo</span> 
     </span>
     <span class='ocr_line' id='line_1_11' title="bbox 59 1275 1116 1355; baseline -0.002 -17"><span class='ocrx_word' id='word_1_86' title='bbox 59 1301 121 1338; x_wconf 89' lang='lat' dir='ltr'>non</span> <span class='ocrx_word' id='word_1_87' title='bbox 139 1284 246 1338; x_wconf 88' lang='lat' dir='ltr'>sudent</span> <span class='ocrx_word' id='word_1_88' title='bbox 263 1296 331 1338; x_wconf 86' lang='lat' dir='ltr'>esse</span> <span class='ocrx_word' id='word_1_89' title='bbox 347 1284 450 1355; x_wconf 86' lang='lat' dir='ltr'>primi:</span> <span class='ocrx_word' id='word_1_90' title='bbox 471 1283 607 1352; x_wconf 88' lang='lat' dir='ltr'>intelligis</span> <span class='ocrx_word' id='word_1_91' title='bbox 619 1285 683 1353; x_wconf 87' lang='lat' dir='ltr'>jam</span> <span class='ocrx_word' id='word_1_92' title='bbox 699 1284 741 1338; x_wconf 89' lang='lat' dir='ltr'>tui</span> <span class='ocrx_word' id='word_1_93' title='bbox 756 1275 889 1338; x_wconf 82' lang='lat' dir='ltr'>muneris</span> <span class='ocrx_word' id='word_1_94' title='bbox 908 1296 991 1351; x_wconf 80' lang='lat' dir='ltr'>esse,</span> <span class='ocrx_word' id='word_1_95' title='bbox 1007 1293 1041 1337; x_wconf 93' lang='lat' dir='ltr'>ut</span> <span class='ocrx_word' id='word_1_96' title='bbox 1056 1299 1116 1337; x_wconf 86' lang='lat' dir='ltr'>una</span> 
     </span>
     <span class='ocr_line' id='line_1_12' title="bbox 61 1372 1118 1444; baseline 0.001 -18"><span class='ocrx_word' id='word_1_97' title='bbox 61 1389 131 1426; x_wconf 90' lang='lat' dir='ltr'>cum</span> <span class='ocrx_word' id='word_1_98' title='bbox 148 1374 270 1443; x_wconf 84' lang='lat' dir='ltr'>sperato</span> <span class='ocrx_word' id='word_1_99' title='bbox 289 1381 318 1427; x_wconf 89' lang='lat' dir='ltr'>et</span> <span class='ocrx_word' id='word_1_100' title='bbox 335 1373 472 1427; x_wconf 80' lang='lat' dir='ltr'>Amnudo</span> <span class='ocrx_word' id='word_1_101' title='bbox 489 1372 615 1443; x_wconf 85' lang='lat' dir='ltr'>aliisque</span> <span class='ocrx_word' id='word_1_102' title='bbox 632 1372 772 1428; x_wconf 76' lang='lat' dir='ltr'>ministris</span> <span class='ocrx_word' id='word_1_103' title='bbox 789 1372 874 1428; x_wconf 88' lang='lat' dir='ltr'>verbi</span> <span class='ocrx_word' id='word_1_104' title='bbox 893 1373 1035 1444; x_wconf 81' lang='lat' dir='ltr'>populum</span> <span class='ocrx_word' id='word_1_105' title='bbox 1052 1372 1118 1428; x_wconf 75' lang='lat' dir='ltr'>huo¹</span> 
     </span>
     <span class='ocr_line' id='line_1_13' title="bbox 62 1463 1117 1534; baseline 0.003 -19"><span class='ocrx_word' id='word_1_106' title='bbox 62 1463 176 1517; x_wconf 90' lang='lat' dir='ltr'>ducatis</span> <span class='ocrx_word' id='word_1_107' title='bbox 194 1473 224 1518; x_wconf 89' lang='lat' dir='ltr'>et</span> <span class='ocrx_word' id='word_1_108' title='bbox 241 1463 409 1518; x_wconf 86' lang='lat' dir='ltr'>accendatis</span> <span class='ocrx_word' id='word_1_109' title='bbox 428 1472 457 1517; x_wconf 89' lang='lat' dir='ltr'>et</span> <span class='ocrx_word' id='word_1_110' title='bbox 475 1463 626 1531; x_wconf 86' lang='lat' dir='ltr'>animetis,</span> <span class='ocrx_word' id='word_1_111' title='bbox 643 1475 676 1518; x_wconf 90' lang='lat' dir='ltr'>ut</span> <span class='ocrx_word' id='word_1_112' title='bbox 692 1463 822 1534; x_wconf 86' lang='lat' dir='ltr'>primum</span> <span class='ocrx_word' id='word_1_113' title='bbox 838 1463 978 1518; x_wconf 83' lang='lat' dir='ltr'>invocent</span> <span class='ocrx_word' id='word_1_114' title='bbox 994 1478 1117 1519; x_wconf 86' lang='lat' dir='ltr'>manum</span> 
     </span>
     <span class='ocr_line' id='line_1_14' title="bbox 60 1551 1117 1624; baseline 0.002 -17"><span class='ocrx_word' id='word_1_115' title='bbox 60 1551 140 1622; x_wconf 89' lang='lat' dir='ltr'>Dei,</span> <span class='ocrx_word' id='word_1_116' title='bbox 158 1563 191 1608; x_wconf 90' lang='lat' dir='ltr'>ut</span> <span class='ocrx_word' id='word_1_117' title='bbox 207 1554 278 1608; x_wconf 90' lang='lat' dir='ltr'>ioco</span> <span class='ocrx_word' id='word_1_118' title='bbox 296 1553 379 1608; x_wconf 86' lang='lat' dir='ltr'>istius</span> <span class='ocrx_word' id='word_1_119' title='bbox 398 1553 601 1608; x_wconf 81' lang='lat' dir='ltr'>abominabilis</span> <span class='ocrx_word' id='word_1_120' title='bbox 619 1553 826 1624; x_wconf 89' lang='lat' dir='ltr'>Principatus,</span> <span class='ocrx_word' id='word_1_121' title='bbox 853 1553 903 1624; x_wconf 91' lang='lat' dir='ltr'>qui</span> <span class='ocrx_word' id='word_1_122' title='bbox 920 1552 1117 1623; x_wconf 64' lang='lat' dir='ltr'>betruaphro:</span> 
     </span>
     <span class='ocr_line' id='line_1_15' title="bbox 61 1627 1117 1715; baseline 0.002 -19"><span class='ocrx_word' id='word_1_123' title='bbox 61 1644 118 1698; x_wconf 87' lang='lat' dir='ltr'>dita</span> <span class='ocrx_word' id='word_1_124' title='bbox 134 1645 270 1715; x_wconf 82' lang='lat' dir='ltr'>qnidam,</span> <span class='ocrx_word' id='word_1_125' title='bbox 287 1660 344 1697; x_wconf 88' lang='lat' dir='ltr'>nac</span> <span class='ocrx_word' id='word_1_126' title='bbox 360 1644 453 1697; x_wconf 83' lang='lat' dir='ltr'>laicus</span> <span class='ocrx_word' id='word_1_127' title='bbox 471 1659 527 1696; x_wconf 87' lang='lat' dir='ltr'>nec</span> <span class='ocrx_word' id='word_1_128' title='bbox 543 1642 699 1711; x_wconf 82' lang='lat' dir='ltr'>religiosus</span> <span class='ocrx_word' id='word_1_129' title='bbox 718 1653 781 1712; x_wconf 89' lang='lat' dir='ltr'>est,</span> <span class='ocrx_word' id='word_1_130' title='bbox 804 1627 905 1712; x_wconf 82' lang='lat' dir='ltr'>optent</span> <span class='ocrx_word' id='word_1_131' title='bbox 920 1634 952 1708; x_wconf 65' lang='lat'>⁴.)</span> <span class='ocrx_word' id='word_1_132' title='bbox 969 1653 998 1697; x_wconf 87' lang='lat' dir='ltr'>et</span> <span class='ocrx_word' id='word_1_133' title='bbox 1014 1651 1117 1715; x_wconf 87' lang='lat' dir='ltr'>petant</span> 
     </span>
     <span class='ocr_line' id='line_1_16' title="bbox 56 1732 1116 1805; baseline 0.002 -19"><span class='ocrx_word' id='word_1_134' title='bbox 56 1735 157 1805; x_wconf 88' lang='lat' dir='ltr'>justae</span> <span class='ocrx_word' id='word_1_135' title='bbox 184 1735 296 1788; x_wconf 81' lang='lat' dir='ltr'>tornae</span> <span class='ocrx_word' id='word_1_136' title='bbox 323 1734 540 1803; x_wconf 88' lang='lat' dir='ltr'>Principatum,</span> <span class='ocrx_word' id='word_1_137' title='bbox 569 1741 598 1786; x_wconf 92' lang='lat' dir='ltr'>et</span> <span class='ocrx_word' id='word_1_138' title='bbox 625 1732 751 1803; x_wconf 77' lang='lat' dir='ltr'>pertaesi</span> <span class='ocrx_word' id='word_1_139' title='bbox 777 1732 964 1787; x_wconf 76' lang='lat' dir='ltr'>scortationis</span> <span class='ocrx_word' id='word_1_140' title='bbox 993 1741 1116 1802; x_wconf 83' lang='lat' dir='ltr'>urgeant</span> 
     </span>
     <span class='ocr_line' id='line_1_17' title="bbox 62 1819 1116 1895; baseline 0 -18"><span class='ocrx_word' id='word_1_141' title='bbox 62 1822 200 1895; x_wconf 80' lang='lat' dir='ltr'>precibus</span> <span class='ocrx_word' id='word_1_142' title='bbox 227 1822 436 1876; x_wconf 90' lang='lat' dir='ltr'>communibus</span> <span class='ocrx_word' id='word_1_143' title='bbox 462 1832 489 1874; x_wconf 91' lang='lat' dir='ltr'>et</span> <span class='ocrx_word' id='word_1_144' title='bbox 512 1819 711 1874; x_wconf 84' lang='lat' dir='ltr'>concordibus</span> <span class='ocrx_word' id='word_1_145' title='bbox 729 1819 907 1889; x_wconf 79' lang='lat' dir='ltr'>Magistrum</span> <span class='ocrx_word' id='word_1_146' title='bbox 932 1822 1058 1892; x_wconf 86' lang='lat' dir='ltr'>ordinis,</span> <span class='ocrx_word' id='word_1_147' title='bbox 1082 1832 1116 1878; x_wconf 90' lang='lat' dir='ltr'>ut</span> 
     </span>
     <span class='ocr_line' id='line_1_18' title="bbox 62 1910 1016 1982; baseline -0.001 -16"><span class='ocrx_word' id='word_1_148' title='bbox 62 1928 160 1967; x_wconf 88' lang='lat' dir='ltr'>uxore</span> <span class='ocrx_word' id='word_1_149' title='bbox 177 1912 261 1966; x_wconf 88' lang='lat' dir='ltr'>ducta</span> <span class='ocrx_word' id='word_1_150' title='bbox 279 1911 440 1980; x_wconf 90' lang='lat' dir='ltr'>legitimum</span> <span class='ocrx_word' id='word_1_151' title='bbox 458 1922 498 1964; x_wconf 87' lang='lat' dir='ltr'>ett</span> <span class='ocrx_word' id='word_1_152' title='bbox 514 1916 651 1968; x_wconf 89' lang='lat' dir='ltr'>monstro</span> <span class='ocrx_word' id='word_1_153' title='bbox 670 1912 726 1964; x_wconf 82' lang='lat' dir='ltr'>isto</span> <span class='ocrx_word' id='word_1_154' title='bbox 743 1910 827 1965; x_wconf 86' lang='lat' dir='ltr'>saciat</span> <span class='ocrx_word' id='word_1_155' title='bbox 850 1911 1016 1982; x_wconf 89' lang='lat' dir='ltr'>imperium.</span> 
     </span>
    </p>

    <p class='ocr_par' dir='ltr' id='par_1_3' title="bbox 22 1999 1133 3155">
     <span class='ocr_line' id='line_1_19' title="bbox 128 1999 1116 2072; baseline 0.001 -16"><span class='ocrx_word' id='word_1_156' title='bbox 128 2003 211 2056; x_wconf 85' lang='lat' dir='ltr'>ilatio</span> <span class='ocrx_word' id='word_1_157' title='bbox 229 2011 325 2055; x_wconf 88' lang='lat' dir='ltr'>autem</span> <span class='ocrx_word' id='word_1_158' title='bbox 343 2001 567 2072; x_wconf 86' lang='lat' dir='ltr'>persuasionem</span> <span class='ocrx_word' id='word_1_159' title='bbox 585 2000 681 2070; x_wconf 87' lang='lat' dir='ltr'>vulgi,</span> <span class='ocrx_word' id='word_1_160' title='bbox 706 2016 744 2055; x_wconf 92' lang='lat' dir='ltr'>ue</span> <span class='ocrx_word' id='word_1_161' title='bbox 767 1999 864 2054; x_wconf 88' lang='lat' dir='ltr'>subita</span> <span class='ocrx_word' id='word_1_162' title='bbox 887 2002 924 2055; x_wconf 86' lang='lat' dir='ltr'>sit</span> <span class='ocrx_word' id='word_1_163' title='bbox 946 2001 1069 2057; x_wconf 89' lang='lat' dir='ltr'>nimium</span> <span class='ocrx_word' id='word_1_164' title='bbox 1080 2007 1116 2071; x_wconf 80' lang='lat' dir='ltr'>et</span> 
     </span>
     <span class='ocr_line' id='line_1_20' title="bbox 64 2083 1133 2167; baseline 0.002 -23"><span class='ocrx_word' id='word_1_165' title='bbox 64 2101 182 2163; x_wconf 87' lang='lat' dir='ltr'>aspera,</span> <span class='ocrx_word' id='word_1_166' title='bbox 204 2090 299 2160; x_wconf 86' lang='lat' dir='ltr'>primo</span> <span class='ocrx_word' id='word_1_167' title='bbox 316 2106 371 2159; x_wconf 92' lang='lat' dir='ltr'>per</span> <span class='ocrx_word' id='word_1_168' title='bbox 387 2088 613 2144; x_wconf 88' lang='lat' dir='ltr'>insinuationem</span> <span class='ocrx_word' id='word_1_169' title='bbox 630 2100 658 2142; x_wconf 90' lang='lat' dir='ltr'>et</span> <span class='ocrx_word' id='word_1_170' title='bbox 675 2090 877 2160; x_wconf 86' lang='lat' dir='ltr'>quaestionem</span> <span class='ocrx_word' id='word_1_171' title='bbox 896 2088 1021 2167; x_wconf 89' lang='lat' dir='ltr'>adoriri,</span> <span class='ocrx_word' id='word_1_172' title='bbox 1033 2083 1065 2157; x_wconf 84' lang='lat'>⁵)</span> <span class='ocrx_word' id='word_1_173' title='bbox 1082 2099 1116 2147; x_wconf 91' lang='lat' dir='ltr'>ut</span> <span class='ocrx_word' id='word_1_174' title='bbox 1132 2127 1133 2131; x_wconf 21' lang='grc' dir='ltr'><strong>κ</strong></span> 
     </span>
     <span class='ocr_line' id='line_1_21' title="bbox 64 2180 1114 2254; baseline 0.001 -17"><span class='ocrx_word' id='word_1_175' title='bbox 64 2183 221 2254; x_wconf 87' lang='lat' dir='ltr'>proposito</span> <span class='ocrx_word' id='word_1_176' title='bbox 239 2181 386 2250; x_wconf 85' lang='lat' dir='ltr'>themate,</span> <span class='ocrx_word' id='word_1_177' title='bbox 412 2197 458 2236; x_wconf 80' lang='lat' dir='ltr'>sc.</span> <span class='ocrx_word' id='word_1_178' title='bbox 475 2189 636 2253; x_wconf 84' lang='lat' dir='ltr'>postquam</span> <span class='ocrx_word' id='word_1_179' title='bbox 652 2180 771 2235; x_wconf 83' lang='lat' dir='ltr'>videant</span> <span class='ocrx_word' id='word_1_180' title='bbox 788 2180 921 2235; x_wconf 88' lang='lat' dir='ltr'>ordinem</span> <span class='ocrx_word' id='word_1_181' title='bbox 940 2181 1029 2235; x_wconf 89' lang='lat' dir='ltr'>istum</span> <span class='ocrx_word' id='word_1_182' title='bbox 1047 2197 1114 2238; x_wconf 89' lang='lat' dir='ltr'>esse</span> 
     </span>
     <span class='ocr_line' id='line_1_22' title="bbox 64 2269 1114 2344; baseline 0.001 -17"><span class='ocrx_word' id='word_1_183' title='bbox 64 2271 239 2344; x_wconf 88' lang='lat' dir='ltr'>hypocrisin</span> <span class='ocrx_word' id='word_1_184' title='bbox 256 2270 499 2340; x_wconf 81' lang='lat' dir='ltr'>abominabilem,</span> <span class='ocrx_word' id='word_1_185' title='bbox 518 2269 674 2341; x_wconf 89' lang='lat' dir='ltr'>pulchrum</span> <span class='ocrx_word' id='word_1_186' title='bbox 693 2272 782 2339; x_wconf 83' lang='lat' dir='ltr'>fore,</span> <span class='ocrx_word' id='word_1_187' title='bbox 799 2270 825 2325; x_wconf 90' lang='lat' dir='ltr'>si</span> <span class='ocrx_word' id='word_1_188' title='bbox 840 2270 987 2340; x_wconf 80' lang='lat' dir='ltr'>Magister</span> <span class='ocrx_word' id='word_1_189' title='bbox 1003 2272 1114 2328; x_wconf 86' lang='lat' dir='ltr'>ordinis</span> 
     </span>
     <span class='ocr_line' id='line_1_23' title="bbox 65 2355 1116 2435; baseline 0 -19"><span class='ocrx_word' id='word_1_190' title='bbox 65 2380 160 2418; x_wconf 86' lang='lat' dir='ltr'>uxore</span> <span class='ocrx_word' id='word_1_191' title='bbox 179 2362 266 2417; x_wconf 81' lang='lat' dir='ltr'>ducta</span> <span class='ocrx_word' id='word_1_192' title='bbox 283 2372 313 2418; x_wconf 93' lang='lat' dir='ltr'>et</span> <span class='ocrx_word' id='word_1_193' title='bbox 328 2355 355 2428; x_wconf 84' lang='lat'>⁶)</span> <span class='ocrx_word' id='word_1_194' title='bbox 378 2362 440 2416; x_wconf 88' lang='lat' dir='ltr'>aliis</span> <span class='ocrx_word' id='word_1_195' title='bbox 457 2361 528 2416; x_wconf 86' lang='lat' dir='ltr'>item</span> <span class='ocrx_word' id='word_1_196' title='bbox 544 2358 684 2416; x_wconf 85' lang='lat' dir='ltr'>Dominis</span> <span class='ocrx_word' id='word_1_197' title='bbox 708 2372 815 2416; x_wconf 90' lang='lat' dir='ltr'>terram</span> <span class='ocrx_word' id='word_1_198' title='bbox 838 2363 1041 2416; x_wconf 84' lang='lat' dir='ltr'>consentiente</span> <span class='ocrx_word' id='word_1_199' title='bbox 1061 2380 1116 2435; x_wconf 88' lang='lat' dir='ltr'>po.</span> 
     </span>
     <span class='ocr_line' id='line_1_24' title="bbox 65 2439 1122 2524; baseline -0.001 -18"><span class='ocrx_word' id='word_1_200' title='bbox 65 2454 136 2524; x_wconf 93' lang='lat' dir='ltr'>pulo</span> <span class='ocrx_word' id='word_1_201' title='bbox 155 2455 182 2507; x_wconf 91' lang='lat' dir='ltr'>in</span> <span class='ocrx_word' id='word_1_202' title='bbox 199 2452 350 2524; x_wconf 86' lang='lat' dir='ltr'>politicam</span> <span class='ocrx_word' id='word_1_203' title='bbox 369 2451 523 2521; x_wconf 76' lang='lat' dir='ltr'>redigeret.</span> <span class='ocrx_word' id='word_1_204' title='bbox 558 2450 616 2506; x_wconf 92' lang='lat' dir='ltr'>Ubi</span> <span class='ocrx_word' id='word_1_205' title='bbox 641 2460 739 2506; x_wconf 87' lang='lat' dir='ltr'>autem</span> <span class='ocrx_word' id='word_1_206' title='bbox 764 2451 801 2506; x_wconf 85' lang='lat' dir='ltr'>de</span> <span class='ocrx_word' id='word_1_207' title='bbox 825 2450 886 2506; x_wconf 88' lang='lat' dir='ltr'>hoc</span> <span class='ocrx_word' id='word_1_208' title='bbox 911 2451 1041 2507; x_wconf 87' lang='lat' dir='ltr'>tbetuste</span> <span class='ocrx_word' id='word_1_209' title='bbox 1064 2439 1122 2507; x_wconf 64' lang='lat' dir='ltr'>dil</span> 
     </span>
     <span class='ocr_line' id='line_1_25' title="bbox 22 2541 1116 2614; baseline 0.005 -20"><span class='ocrx_word' id='word_1_210' title='bbox 22 2548 24 2552; x_wconf 80' lang='grc'>’</span> <span class='ocrx_word' id='word_1_211' title='bbox 65 2543 238 2614; x_wconf 87' lang='lat' dir='ltr'>quantulum</span> <span class='ocrx_word' id='word_1_212' title='bbox 266 2541 478 2612; x_wconf 85' lang='lat' dir='ltr'>disputaverint</span> <span class='ocrx_word' id='word_1_213' title='bbox 506 2548 536 2596; x_wconf 87' lang='lat' dir='ltr'>et</span> <span class='ocrx_word' id='word_1_214' title='bbox 559 2542 753 2608; x_wconf 84' lang='lat' dir='ltr'>contulerint,</span> <span class='ocrx_word' id='word_1_215' title='bbox 780 2558 815 2596; x_wconf 90' lang='lat' dir='ltr'>ac</span> <span class='ocrx_word' id='word_1_216' title='bbox 842 2543 872 2596; x_wconf 90' lang='lat' dir='ltr'>in</span> <span class='ocrx_word' id='word_1_217' title='bbox 896 2542 973 2598; x_wconf 88' lang='lat' dir='ltr'>hanc</span> <span class='ocrx_word' id='word_1_218' title='bbox 1000 2547 1116 2614; x_wconf 86' lang='lat' dir='ltr'>partem</span> 
     </span>
     <span class='ocr_line' id='line_1_26' title="bbox 65 2631 1115 2703; baseline 0.004 -18"><span class='ocrx_word' id='word_1_219' title='bbox 65 2632 152 2686; x_wconf 89' lang='lat' dir='ltr'>animi</span> <span class='ocrx_word' id='word_1_220' title='bbox 170 2631 300 2685; x_wconf 86' lang='lat' dir='ltr'>inclinari</span> <span class='ocrx_word' id='word_1_221' title='bbox 316 2631 507 2697; x_wconf 86' lang='lat' dir='ltr'>viderentur,</span> <span class='ocrx_word' id='word_1_222' title='bbox 531 2639 602 2685; x_wconf 89' lang='lat' dir='ltr'>tunc</span> <span class='ocrx_word' id='word_1_223' title='bbox 620 2631 715 2702; x_wconf 80' lang='lat' dir='ltr'>palam</span> <span class='ocrx_word' id='word_1_224' title='bbox 733 2640 762 2686; x_wconf 91' lang='lat' dir='ltr'>et</span> <span class='ocrx_word' id='word_1_225' title='bbox 779 2631 911 2703; x_wconf 87' lang='lat' dir='ltr'>copiosis</span> <span class='ocrx_word' id='word_1_226' title='bbox 936 2632 1115 2702; x_wconf 81' lang='lat' dir='ltr'>argumentis</span> 
     </span>
     <span class='ocr_line' id='line_1_27' title="bbox 65 2719 1120 2794; baseline 0.003 -17"><span class='ocrx_word' id='word_1_227' title='bbox 65 2740 116 2777; x_wconf 86' lang='lat' dir='ltr'>res</span> <span class='ocrx_word' id='word_1_228' title='bbox 134 2732 214 2776; x_wconf 87' lang='lat' dir='ltr'>esset</span> <span class='ocrx_word' id='word_1_229' title='bbox 230 2721 359 2791; x_wconf 88' lang='lat' dir='ltr'>urgenda</span> <span class='ocrx_word' id='word_1_230' title='bbox 376 2730 406 2775; x_wconf 93' lang='lat' dir='ltr'>et</span> <span class='ocrx_word' id='word_1_231' title='bbox 424 2720 637 2793; x_wconf 86' lang='lat' dir='ltr'>promovenda.</span> <span class='ocrx_word' id='word_1_232' title='bbox 672 2719 828 2794; x_wconf 88' lang='lat' dir='ltr'>Episcopo</span> <span class='ocrx_word' id='word_1_233' title='bbox 852 2722 1013 2777; x_wconf 88' lang='lat' dir='ltr'>Sambiensi</span> <span class='ocrx_word' id='word_1_234' title='bbox 1037 2725 1120 2794; x_wconf 77' lang='lat' dir='ltr'>idem</span> 
     </span>
     <span class='ocr_line' id='line_1_28' title="bbox 66 2808 1114 2882; baseline 0.002 -16"><span class='ocrx_word' id='word_1_235' title='bbox 66 2812 191 2877; x_wconf 76' lang='lat' dir='ltr'>faciendi</span> <span class='ocrx_word' id='word_1_236' title='bbox 215 2811 343 2865; x_wconf 90' lang='lat' dir='ltr'>studium</span> <span class='ocrx_word' id='word_1_237' title='bbox 362 2826 428 2865; x_wconf 87' lang='lat' dir='ltr'>esse</span> <span class='ocrx_word' id='word_1_238' title='bbox 455 2826 622 2881; x_wconf 68' lang='lat' dir='ltr'>cuperemz·</span> <span class='ocrx_word' id='word_1_239' title='bbox 638 2809 690 2865; x_wconf 91' lang='lat' dir='ltr'>sed</span> <span class='ocrx_word' id='word_1_240' title='bbox 717 2812 782 2881; x_wconf 86' lang='lat' dir='ltr'>quia</span> <span class='ocrx_word' id='word_1_241' title='bbox 807 2811 960 2881; x_wconf 89' lang='lat' dir='ltr'>prudentia</span> <span class='ocrx_word' id='word_1_242' title='bbox 984 2808 1045 2866; x_wconf 89' lang='lat' dir='ltr'>boc</span> <span class='ocrx_word' id='word_1_243' title='bbox 1069 2811 1114 2882; x_wconf 86' lang='lat' dir='ltr'>agi</span> 
     </span>
     <span class='ocr_line' id='line_1_29' title="bbox 65 2900 1117 2974; baseline -0.002 -17"><span class='ocrx_word' id='word_1_244' title='bbox 65 2902 174 2970; x_wconf 87' lang='lat' dir='ltr'>debet,</span> <span class='ocrx_word' id='word_1_245' title='bbox 190 2901 340 2955; x_wconf 86' lang='lat' dir='ltr'>videretur</span> <span class='ocrx_word' id='word_1_246' title='bbox 356 2901 461 2968; x_wconf 90' lang='lat' dir='ltr'>tutius,</span> <span class='ocrx_word' id='word_1_247' title='bbox 487 2911 520 2954; x_wconf 91' lang='lat' dir='ltr'>ut</span> <span class='ocrx_word' id='word_1_248' title='bbox 536 2902 617 2954; x_wconf 86' lang='lat' dir='ltr'>velut</span> <span class='ocrx_word' id='word_1_249' title='bbox 635 2900 819 2968; x_wconf 86' lang='lat' dir='ltr'>suspendens</span> <span class='ocrx_word' id='word_1_250' title='bbox 837 2902 1011 2958; x_wconf 90' lang='lat' dir='ltr'>sententiam</span> <span class='ocrx_word' id='word_1_251' title='bbox 1029 2916 1117 2974; x_wconf 89' lang='lat' dir='ltr'>appa.</span> 
     </span>
     <span class='ocr_line' id='line_1_30' title="bbox 64 2983 1117 3068; baseline -0.004 -20"><span class='ocrx_word' id='word_1_252' title='bbox 64 3004 153 3048; x_wconf 87' lang='lat' dir='ltr'>reret.</span> <span class='ocrx_word' id='word_1_253' title='bbox 187 2993 321 3048; x_wconf 90' lang='lat' dir='ltr'>Tandem</span> <span class='ocrx_word' id='word_1_254' title='bbox 337 2992 495 3045; x_wconf 90' lang='lat' dir='ltr'>accedente</span> <span class='ocrx_word' id='word_1_255' title='bbox 514 2991 624 3062; x_wconf 92' lang='lat' dir='ltr'>popuio</span> <span class='ocrx_word' id='word_1_256' title='bbox 639 3001 673 3068; x_wconf 86' lang='lat' dir='ltr'>ct</span> <span class='ocrx_word' id='word_1_257' title='bbox 689 2983 718 3056; x_wconf 80' lang='lat'>⁷)</span> <span class='ocrx_word' id='word_1_258' title='bbox 736 2991 833 3045; x_wconf 85' lang='lat' dir='ltr'>victus</span> <span class='ocrx_word' id='word_1_259' title='bbox 853 2992 1050 3061; x_wconf 82' lang='lat' dir='ltr'>argumentis,</span> <span class='ocrx_word' id='word_1_260' title='bbox 1068 3004 1117 3046; x_wconf 84' lang='lat' dir='ltr'>se.</span> 
     </span>
     <span class='ocr_line' id='line_1_31' title="bbox 65 3079 1116 3155; baseline 0.001 -19"><span class='ocrx_word' id='word_1_261' title='bbox 65 3095 206 3155; x_wconf 87' lang='lat' dir='ltr'>queretur</span> <span class='ocrx_word' id='word_1_262' title='bbox 222 3093 250 3137; x_wconf 93' lang='lat' dir='ltr'>et</span> <span class='ocrx_word' id='word_1_263' title='bbox 266 3083 358 3154; x_wconf 87' lang='lat' dir='ltr'>ipsius</span> <span class='ocrx_word' id='word_1_264' title='bbox 376 3085 527 3135; x_wconf 85' lang='lat' dir='ltr'>autoritas.</span> <span class='ocrx_word' id='word_1_265' title='bbox 560 3079 672 3134; x_wconf 89' lang='lat' dir='ltr'>Verum</span> <span class='ocrx_word' id='word_1_266' title='bbox 689 3080 767 3135; x_wconf 88' lang='lat' dir='ltr'>dabit</span> <span class='ocrx_word' id='word_1_267' title='bbox 783 3079 870 3134; x_wconf 86' lang='lat' dir='ltr'>vobis</span> <span class='ocrx_word' id='word_1_268' title='bbox 884 3081 1020 3136; x_wconf 84' lang='lat' dir='ltr'>Christus</span> <span class='ocrx_word' id='word_1_269' title='bbox 1038 3091 1067 3136; x_wconf 91' lang='lat' dir='ltr'>et</span> <span class='ocrx_word' id='word_1_270' title='bbox 1085 3082 1116 3138; x_wconf 85' lang='lat' dir='ltr'>itt</span> 
     </span>
    </p>
   </div>
   <div class='ocr_carea' id='block_1_3' title="bbox 64 3170 1222 3258">
    <p class='ocr_par' dir='ltr' id='par_1_4' title="bbox 64 3170 1222 3258">
     <span class='ocr_line' id='line_1_32' title="bbox 64 3170 1222 3258; baseline -0.002 -30"><span class='ocrx_word' id='word_1_271' title='bbox 64 3174 113 3229; x_wconf 88' lang='lat' dir='ltr'>his</span> <span class='ocrx_word' id='word_1_272' title='bbox 130 3184 158 3229; x_wconf 89' lang='lat' dir='ltr'>et</span> <span class='ocrx_word' id='word_1_273' title='bbox 176 3173 314 3228; x_wconf 86' lang='lat' dir='ltr'>omnibus</span> <span class='ocrx_word' id='word_1_274' title='bbox 332 3189 369 3228; x_wconf 87' lang='lat' dir='ltr'>os</span> <span class='ocrx_word' id='word_1_275' title='bbox 386 3182 415 3226; x_wconf 89' lang='lat' dir='ltr'>et</span> <span class='ocrx_word' id='word_1_276' title='bbox 431 3170 566 3241; x_wconf 88' lang='lat' dir='ltr'>spiritum</span> <span class='ocrx_word' id='word_1_277' title='bbox 583 3171 760 3243; x_wconf 87' lang='lat' dir='ltr'>sapientiae,</span> <span class='ocrx_word' id='word_1_278' title='bbox 783 3171 894 3241; x_wconf 87' lang='lat' dir='ltr'>populo</span> <span class='ocrx_word' id='word_1_279' title='bbox 912 3183 984 3226; x_wconf 85' lang='lat' dir='ltr'>vero</span> <span class='ocrx_word' id='word_1_280' title='bbox 1003 3172 1116 3227; x_wconf 88' lang='lat' dir='ltr'>intelle.</span> <span class='ocrx_word' id='word_1_281' title='bbox 1184 3232 1186 3236; x_wconf 56' lang='grc'>,</span> <span class='ocrx_word' id='word_1_282' title='bbox 1218 3248 1222 3258; x_wconf 35' lang='grc' dir='ltr'><strong><em>Ι</em></strong></span> 
     </span>
    </p>
   </div>
   <div class='ocr_carea' id='block_1_4' title="bbox 65 3259 1120 3601">
    <p class='ocr_par' dir='ltr' id='par_1_5' title="bbox 65 3259 1120 3423">
     <span class='ocr_line' id='line_1_33' title="bbox 65 3259 1115 3330; baseline -0.001 -13"><span class='ocrx_word' id='word_1_283' title='bbox 65 3272 146 3317; x_wconf 90' lang='lat' dir='ltr'>ctum</span> <span class='ocrx_word' id='word_1_284' title='bbox 168 3276 198 3317; x_wconf 86' lang='lat' dir='ltr'>et</span> <span class='ocrx_word' id='word_1_285' title='bbox 222 3279 364 3330; x_wconf 85' lang='lat' dir='ltr'>sensum,</span> <span class='ocrx_word' id='word_1_286' title='bbox 390 3272 422 3316; x_wconf 90' lang='lat' dir='ltr'>ut</span> <span class='ocrx_word' id='word_1_287' title='bbox 444 3277 476 3315; x_wconf 92' lang='lat' dir='ltr'>re</span> <span class='ocrx_word' id='word_1_288' title='bbox 501 3260 564 3330; x_wconf 81' lang='lat' dir='ltr'>ipss</span> <span class='ocrx_word' id='word_1_289' title='bbox 587 3259 749 3314; x_wconf 87' lang='lat' dir='ltr'>doceamini</span> <span class='ocrx_word' id='word_1_290' title='bbox 774 3260 912 3327; x_wconf 87' lang='lat' dir='ltr'>meiius,</span> <span class='ocrx_word' id='word_1_291' title='bbox 926 3277 1014 3330; x_wconf 88' lang='lat' dir='ltr'>quam</span> <span class='ocrx_word' id='word_1_292' title='bbox 1039 3261 1115 3316; x_wconf 83' lang='lat' dir='ltr'>meis</span> 
     </span>
     <span class='ocr_line' id='line_1_34' title="bbox 66 3348 1120 3423; baseline -0.003 -19"><span class='ocrx_word' id='word_1_293' title='bbox 66 3352 276 3423; x_wconf 88' lang='lat' dir='ltr'>praescriptis,</span> <span class='ocrx_word' id='word_1_294' title='bbox 293 3351 446 3423; x_wconf 92' lang='lat' dir='ltr'>quomodo</span> <span class='ocrx_word' id='word_1_295' title='bbox 464 3350 513 3404; x_wconf 90' lang='lat' dir='ltr'>hic</span> <span class='ocrx_word' id='word_1_296' title='bbox 530 3349 674 3418; x_wconf 88' lang='lat' dir='ltr'>agendum</span> <span class='ocrx_word' id='word_1_297' title='bbox 691 3348 736 3402; x_wconf 89' lang='lat' dir='ltr'>sit.</span> <span class='ocrx_word' id='word_1_298' title='bbox 1118 3414 1120 3418; x_wconf 16' lang='grc' dir='ltr'><strong><em>Δ</em></strong></span> 
     </span>
    </p>

    <p class='ocr_par' dir='ltr' id='par_1_6' title="bbox 66 3437 1116 3601">
     <span class='ocr_line' id='line_1_35' title="bbox 132 3437 1116 3508; baseline 0.002 -15"><span class='ocrx_word' id='word_1_299' title='bbox 132 3441 347 3495; x_wconf 66' lang='lat' dir='ltr'>annotationes</span> <span class='ocrx_word' id='word_1_300' title='bbox 365 3442 392 3494; x_wconf 89' lang='lat' dir='ltr'>in</span> <span class='ocrx_word' id='word_1_301' title='bbox 413 3438 681 3494; x_wconf 87' lang='lat' dir='ltr'>Deuteronomium</span> <span class='ocrx_word' id='word_1_302' title='bbox 699 3439 773 3505; x_wconf 93' lang='lat' dir='ltr'>edo,</span> <span class='ocrx_word' id='word_1_303' title='bbox 791 3437 946 3508; x_wconf 87' lang='lat' dir='ltr'>inscriptas</span> <span class='ocrx_word' id='word_1_304' title='bbox 961 3448 990 3493; x_wconf 91' lang='lat' dir='ltr'>et</span> <span class='ocrx_word' id='word_1_305' title='bbox 1001 3455 1116 3495; x_wconf 88' lang='lat' dir='ltr'>nuncu.</span> 
     </span>
     <span class='ocr_line' id='line_1_36' title="bbox 66 3520 1116 3601; baseline 0.004 -20"><span class='ocrx_word' id='word_1_306' title='bbox 66 3539 148 3600; x_wconf 90' lang='lat' dir='ltr'>patas</span> <span class='ocrx_word' id='word_1_307' title='bbox 173 3528 324 3601; x_wconf 88' lang='lat' dir='ltr'>Episcopo</span> <span class='ocrx_word' id='word_1_308' title='bbox 349 3528 526 3583; x_wconf 87' lang='lat' dir='ltr'>Sambiensi:</span> <span class='ocrx_word' id='word_1_309' title='bbox 545 3525 575 3594; x_wconf 71' lang='lat'>⁹)</span> <span class='ocrx_word' id='word_1_310' title='bbox 599 3527 653 3584; x_wconf 84' lang='lat' dir='ltr'>sed</span> <span class='ocrx_word' id='word_1_311' title='bbox 676 3527 921 3598; x_wconf 83' lang='lat' dir='ltr'>occupationibus</span> <span class='ocrx_word' id='word_1_312' title='bbox 938 3520 966 3595; x_wconf 78' lang='grc'>8)</span> <span class='ocrx_word' id='word_1_313' title='bbox 991 3544 1116 3587; x_wconf 83' lang='lat' dir='ltr'>vexatus</span> 
     </span>
    </p>
   </div>
   <div class='ocr_carea' id='block_1_5' title="bbox 116 3695 1115 3756">
    <p class='ocr_par' dir='ltr' id='par_1_7' title="bbox 116 3695 1115 3756">
     <span class='ocr_line' id='line_1_37' title="bbox 116 3695 1115 3756; baseline -0.005 -10"><span class='ocrx_word' id='word_1_314' title='bbox 116 3701 136 3751; x_wconf 77' lang='lat' dir='ltr'>i)</span> <span class='ocrx_word' id='word_1_315' title='bbox 150 3699 218 3746; x_wconf 69' lang='lat' dir='ltr'>iittb.</span> <span class='ocrx_word' id='word_1_316' title='bbox 232 3696 332 3743; x_wconf 85' lang='lat' dir='ltr'>bomini.</span> <span class='ocrx_word' id='word_1_317' title='bbox 373 3700 396 3750; x_wconf 81' lang='lat'>2)</span> <span class='ocrx_word' id='word_1_318' title='bbox 410 3699 477 3745; x_wconf 72' lang='lat' dir='ltr'>itui.</span> <span class='ocrx_word' id='word_1_319' title='bbox 490 3716 515 3732; x_wconf 45' lang='grc' dir='ltr'><strong><em>ἡ</em></strong></span> <span class='ocrx_word' id='word_1_320' title='bbox 527 3695 558 3742; x_wconf 89' lang='lat' dir='ltr'>id.</span> <span class='ocrx_word' id='word_1_321' title='bbox 596 3698 619 3748; x_wconf 83' lang='grc'>3)</span> <span class='ocrx_word' id='word_1_322' title='bbox 634 3697 702 3745; x_wconf 79' lang='lat' dir='ltr'>stat.</span> <span class='ocrx_word' id='word_1_323' title='bbox 715 3695 831 3742; x_wconf 82' lang='lat' dir='ltr'>mittetur.</span> <span class='ocrx_word' id='word_1_324' title='bbox 848 3743 852 3747; x_wconf 74' lang='grc'><strong>,</strong></span> <span class='ocrx_word' id='word_1_325' title='bbox 869 3698 891 3751; x_wconf 79' lang='lat' dir='ltr'>i)</span> <span class='ocrx_word' id='word_1_326' title='bbox 906 3697 974 3747; x_wconf 72' lang='lat' dir='ltr'>tint.</span> <span class='ocrx_word' id='word_1_327' title='bbox 988 3697 1115 3756; x_wconf 79' lang='lat' dir='ltr'>exoptent.</span> 
     </span>
    </p>
   </div>
   <div class='ocr_carea' id='block_1_6' title="bbox 29 3770 1116 3902">
    <p class='ocr_par' dir='ltr' id='par_1_8' title="bbox 29 3770 1116 3902">
     <span class='ocr_line' id='line_1_38' title="bbox 67 3770 1116 3826; baseline 0 -5"><span class='ocrx_word' id='word_1_328' title='bbox 67 3771 294 3826; x_wconf 59' lang='lat' dir='ltr'>Sitittiiadorire.</span> <span class='ocrx_word' id='word_1_329' title='bbox 343 3773 364 3825; x_wconf 82' lang='grc'>6)</span> <span class='ocrx_word' id='word_1_330' title='bbox 378 3772 452 3822; x_wconf 71' lang='lat' dir='ltr'>utut</span> <span class='ocrx_word' id='word_1_331' title='bbox 464 3783 524 3817; x_wconf 86' lang='lat' dir='ltr'>cum.</span> <span class='ocrx_word' id='word_1_332' title='bbox 572 3771 596 3825; x_wconf 75' lang='lat' dir='ltr'>i&gt;</span> <span class='ocrx_word' id='word_1_333' title='bbox 615 3770 835 3823; x_wconf 55' lang='lat' dir='ltr'>duacensium.</span> <span class='ocrx_word' id='word_1_334' title='bbox 851 3772 955 3824; x_wconf 76' lang='lat' dir='ltr'>tbtttet</span> <span class='ocrx_word' id='word_1_335' title='bbox 1003 3776 1027 3826; x_wconf 78' lang='grc'>8)</span> <span class='ocrx_word' id='word_1_336' title='bbox 1047 3776 1116 3824; x_wconf 62' lang='grc' dir='ltr'>Μὴ.</span> 
     </span>
     <span class='ocr_line' id='line_1_39' title="bbox 29 3845 282 3902; baseline -0.012 -10"><span class='ocrx_word' id='word_1_337' title='bbox 29 3865 32 3871; x_wconf 66' lang='grc'><strong>’</strong></span> <span class='ocrx_word' id='word_1_338' title='bbox 68 3845 282 3902; x_wconf 82' lang='lat' dir='ltr'>compassionibus.</span> 
     </span>
    </p>
   </div>
   <div class='ocr_carea' id='block_1_7' title="bbox 70 3944 297 3960">
    <p class='ocr_par' dir='ltr' id='par_1_9' title="bbox 70 3944 297 3960">
     <span class='ocr_line' id='line_1_40' title="bbox 70 3944 297 3960; baseline 0 -4"><span class='ocrx_word' id='word_1_339' title='bbox 70 3944 297 3960; x_wconf 43' lang='grc' dir='ltr'>β--ι-ῄ</span> 
     </span>
    </p>
   </div>
   <div class='ocr_carea' id='block_1_8' title="bbox 117 3999 532 4055">
    <p class='ocr_par' dir='ltr' id='par_1_10' title="bbox 117 3999 532 4055">
     <span class='ocr_line' id='line_1_41' title="bbox 117 3999 532 4055; baseline -0.014 -1"><span class='ocrx_word' id='word_1_340' title='bbox 117 4006 139 4054; x_wconf 77' lang='lat' dir='ltr'>‘i</span> <span class='ocrx_word' id='word_1_341' title='bbox 155 4002 201 4052; x_wconf 64' lang='lat' dir='ltr'>etr</span> <span class='ocrx_word' id='word_1_342' title='bbox 215 4000 338 4055; x_wconf 73' lang='lat' dir='ltr'>tritticum</span> <span class='ocrx_word' id='word_1_343' title='bbox 352 4002 386 4049; x_wconf 83' lang='lat' dir='ltr'>tut</span> <span class='ocrx_word' id='word_1_344' title='bbox 399 4000 462 4054; x_wconf 65' lang='lat' dir='ltr'>sate</span> <span class='ocrx_word' id='word_1_345' title='bbox 475 3999 532 4048; x_wconf 56' lang='lat'>1522</span> 
     </span>
    </p>
   </div>
   <div class='ocr_carea' id='block_1_9' title="bbox 0 0 1300 4724">
    <p class='ocr_par' dir='ltr' id='par_1_11' title="bbox 0 0 1300 4724">
     <span class='ocr_line' id='line_1_42' title="bbox 0 0 1300 4724; baseline 0 0"><span class='ocrx_word' id='word_1_346' title='bbox 0 0 1300 4724; x_wconf 95' lang='lat' dir='ltr'> </span> 
     </span>
    </p>
   </div>
  </div>
 </body>
</html>
