2574 4724
532 302 623 369 1521.
1050 316 1053 322 '
1075 306 1116 368 tt

58 458 214 515 sanemur.
245 459 317 516 Hoc
331 456 453 524 scribo,
469 475 530 515 tton
546 472 579 515 ut
595 454 798 531 compatiaris,
815 459 868 515 setl
884 469 915 516 ιιι
931 458 1116 531 congratule.

60 552 119 615 ris,
141 565 245 616 onos,
268 559 302 603 ιιι
319 549 424 620 spiritu
440 549 555 603 fervere
572 550 677 619 dignus
695 549 770 607 fiant.
804 550 940 621 Tempus
963 563 1011 604 est
1035 550 1114 606 enim

62 640 202 699 adversus
217 638 355 693 Satanam
372 638 477 695 orandi
500 641 623 694 summis
642 640 767 697 viribus:
792 639 865 695 adeo
887 640 1046 711 praesumit
1069 641 1115 694 fn.

63 742 172 783 nectent
186 730 338 801 quendem
354 728 534 797 tragoediam
550 729 581 783 in
599 728 807 796 Gerunninm,
832 742 862 785 et
885 747 941 799 ogo
959 744 1114 799 metuens,

63 834 99 881 tte
113 818 265 881 Dominus
285 818 312 871 ei
328 820 487 889 permittat.

120 925 232 980 Adhuc
247 941 319 980 sum
336 936 466 980 stertens
483 933 513 979 et
537 927 652 980 otiosus
676 926 711 979 ad
736 924 882 980 orandum
907 935 936 980 ct
959 942 1116 997 opponen.

62 1014 140 1082 dnm,
163 1028 197 1069 ιιι
219 1014 295 1070 mihi
320 1016 513 1069 volternenter
528 1016 698 1088 displiceam
716 1027 743 1070 et
760 1033 909 1071 onerosus
927 1018 997 1071 sim:
1021 1018 1113 1085 lonc,

62 1104 134 1175 quod
150 1103 241 1160 soles
258 1105 334 1168 sim,
351 1117 380 1157 et
397 1119 452 1158 vos
471 1120 517 1157 nte
534 1120 595 1159 non
612 1106 728 1173 levetis.
764 1105 914 1172 oremus,
937 1122 1067 1175 quaeso,
1083 1115 1115 1162 et

61 1194 228 1264 vigitemus,
255 1210 294 1248 tte
322 1194 351 1248 in
377 1195 567 1249 tentationem
593 1196 746 1248 intremus.
781 1193 970 1249 Nihil-aliud
996 1194 1112 1263 habeo,

62 1286 135 1355 quos
150 1300 236 1340 nunc
254 1284 395 1339 scribam.
427 1282 491 1339 Vos
508 1285 606 1340 omnia
624 1287 757 1338 omniunt
773 1285 878 1339 nostis.
1101 1310 1104 1315 ·

117 1388 251 1446 Gaudeo
278 1388 525 1457 Winembcrgam
551 1392 708 1454 creseere,
733 1388 794 1444 ltoc
820 1389 950 1444 maxime
979 1389 1115 1455 nomine,

63 1480 133 1550 qnotl
150 1496 204 1533 me
220 1480 346 1534 absente
365 1480 490 1546 crescit,
515 1479 657 1534 strideat
676 1480 782 1551 impius
801 1492 831 1533 et
847 1481 965 1536 fremat.
993 1487 1023 1532 st
1040 1479 1116 1534 desi.

62 1569 171 1623 derium
194 1570 263 1639 rjtts
289 1578 400 1636 pereat.
437 1568 575 1623 Christus
599 1567 745 1638 perficiat,
770 1569 849 1638 quod
871 1569 990 1638 incepit.
1024 1566 1116 1627 valtis

62 1659 181 1725 vellent,
207 1670 243 1711 ιιι
260 1656 418 1726 Philippus
436 1672 464 1711 et
482 1658 570 1724 vulgo
588 1658 816 1712 concionaretur
832 1657 936 1711 alicubi
959 1657 988 1711 in
1007 1658 1117 1728 oppido

63 1748 159 1803 diebus
185 1746 270 1801 lestis
296 1758 364 1817 post
384 1748 537 1816 prandium
555 1749 622 1801 loco
639 1748 892 1817 compotationum
910 1759 939 1799 et
956 1746 1115 1815 ludorum,

63 1853 89 1890 ιιι
103 1839 189 1893 lieret
205 1836 395 1892 consuetodo
414 1836 555 1891 libertatis
572 1835 802 1891 introducendae
820 1846 848 1891 el
865 1837 894 1890 in
918 1837 1033 1907 priscae
1055 1833 1116 1890 Ec.

64 1928 162 1983 clesiae
182 1928 290 1981 facient
309 1938 339 1978 et
355 1942 471 1979 morem
490 1926 696 1999 restituendae.

93 2032 149 2095 'Si
176 2038 259 2094 enim
285 2038 384 2093 omnia
409 2028 564 2092 hominnm
586 2038 656 2107 jura
681 2037 836 2105 fregimus,
865 2045 893 2090 et
912 2038 984 2106 juga
1010 2048 1117 2092 eornm

65 2131 240 2197 abjecimus:
263 2128 334 2199 qnid
351 2126 447 2180 adhuc
464 2139 597 2181 moretur
615 2142 688 2195 nos,
703 2127 728 2180 si
746 2137 866 2193 unctus,
885 2141 968 2179 rosus
985 2143 1045 2181 non
1063 2125 1119 2192 sit,

66 2234 88 2277 tl
101 2223 242 2277 coniunx
260 2220 318 2275 sit?
352 2218 428 2271 Vere
445 2228 539 2271 tamen
558 2229 587 2270 ct
604 2226 649 2269 est
666 2217 822 2283 sacerdos,
848 2229 875 2270 et
900 2217 957 2284 agit
980 2217 1015 2271 tle
1039 2217 1118 2271 sacto

64 2312 269 2377 sacerdotem,
296 2304 350 2381 nisi
372 2324 433 2360 non
457 2316 503 2359 est
520 2305 683 2359 sacerdotis
700 2300 827 2357 officinm
845 2303 955 2359 docere
972 2304 1115 2383 verbnm:

64 2400 166 2471 alioqui
185 2414 244 2452 nec
259 2394 398 2449 Christus
415 2392 553 2449 sacerdos
570 2395 643 2461 erit,
663 2409 741 2447 nnnc
758 2395 787 2446 in
804 2395 976 2463 synagogis,
995 2410 1073 2450 nunc
1086 2392 1116 2451 in

63 2489 203 2550 mribus,
229 2484 354 2540 nuncin
373 2485 483 2550 littore,
507 2498 586 2536 nnnc
611 2483 638 2536 in
661 2481 811 2535 montibus
835 2483 962 2537 docens:
989 2483 1116 2556 denique

60 2595 155 2632 omnis
179 2591 307 2648 persona
326 2573 462 2627 omnibus
479 2574 552 2626 locis
570 2583 597 2626 et
614 2572 695 2625 horis
714 2589 789 2626 unus
811 2572 872 2642 ipse
890 2573 953 2628 suit.

120 2694 202 2746 Corn
221 2707 292 2757 ergo
311 2697 436 2741 vocatus
454 2688 492 2741 sit
509 2704 523 2741 a
542 2687 630 2752 Deo,
648 2698 770 2756 agatque
783 2685 865 2740 verbi
883 2687 1065 2757 ministrum,
1083 2700 1116 2747 ut

56 2802 148 2839 netno
176 2792 275 2851 potest
299 2794 422 2847 negare:
445 2780 532 2848 qttitl,
557 2778 581 2831 si
606 2792 620 2827 a
644 2763 772 2846 tyrannis
797 2777 860 2830 istis
879 2776 1036 2848 Episcopis
1055 2799 1116 2837 nott

58 2872 282 2935 helmini-ton,
301 2870 352 2923 sed
371 2884 514 2939 equorum
534 2880 561 2920 et
579 2878 823 2936 purpuratorum,
849 2878 970 2921 vocatus
990 2887 1048 2922 non
1068 2872 1116 2927 sit.

57 2965 115 3016 snt
134 2961 204 3014 novi
222 2959 351 3012 ltotninis
370 2973 505 3020 sensnm,
524 2972 583 3009 non
600 2954 1016 3024 acquiescetpersuasionibus
1029 2959 1115 3014 meis.

57 3052 221 3107 vocandus
245 3066 316 3118 ergo
343 3060 372 3101 et
391 3048 540 3113 urgendus
569 3055 613 3097 eat
638 3044 791 3097 Ecclesiae
814 3045 901 3098 totius
924 3047 1061 3099 mandato
1085 3059 1116 3104 et

56 3144 200 3213 impulsu.
234 3138 343 3209 Neque
361 3137 440 3191 enim
457 3137 483 3189 si
500 3138 560 3205 ipsa
578 3135 708 3203 postulet
726 3143 755 3186 st
772 3135 886 3202 exigat,
904 3140 1010 3202 negare
1029 3135 1115 3192 debet

57 3247 105 3285 ιιιιι
125 3240 235 3300 potest.

123 3337 152 3390 si
171 3352 227 3405 ego
245 3347 385 3403 praesens
404 3345 520 3396 essem,
539 3328 660 3382 omnino
679 3326 753 3395 opud
772 3317 913 3382 senatum*
925 3337 952 3381 et
969 3328 1112 3399 populum

58 3440 199 3495 agerem,
221 3437 255 3476 ut
273 3437 341 3474 eutn
360 3431 512 3488 rogarent,
536 3434 594 3488 qun
615 3417 748 3484 privatim
765 3419 806 3469 eis
831 3416 941 3485 legeret
958 3420 1122 3474 vernacula.

57 3513 271 3582 Evangelium,
294 3512 370 3564 sicut
393 3509 489 3576 coepit
513 3506 539 3558 in
568 3506 685 3569 Latina,
708 3515 737 3557 ut
762 3504 804 3557 sic
828 3505 964 3573 paulatim
983 3507 1064 3560 lieret
1082 3519 1114 3563 et

59 3603 235 3656 vrrnncnlns
253 3598 429 3670 episcopus.
452 3595 602 3664 quomodo
621 3594 710 3646 lactus
730 3603 774 3644 est
793 3593 926 3647 Latinus:
952 3604 981 3648 et
1005 3608 1033 3648 te
1052 3599 1113 3650 vel.

60 3696 120 3748 lezn
137 3694 165 3746 itt
183 3692 244 3745 hoc
263 3688 381 3751 certari,
408 3696 439 3739 ut
459 3685 547 3737 tieret.
583 3683 662 3737 Nom
680 3683 788 3751 populo
808 3698 882 3751 opus
901 3696 944 3735 est
963 3702 1029 3752 prae
1048 3704 1113 3738 otn.

59 3786 146 3839 nibus
163 3781 258 3836 verbo
278 3779 353 3832 Dei:
372 3776 450 3846 qnod
463 3791 530 3826 ctnn
544 3773 570 3826 in
588 3772 636 3826 illo
650 3772 777 3825 abtntdet
792 3787 857 3840 prae
870 3770 1011 3841 caeteris,
1030 3777 1111 3830 vities

59 3878 163 3941 rtintn,
188 3870 369 3926 conscientia
392 3876 531 3934 urgente,
558 3875 587 3916 et
611 3865 680 3917 neo
706 3862 858 3927 exigente,
883 3880 938 3917 nos
960 3863 1109 3929 debitores

60 3979 148 4030 esse,
163 3974 194 4019 ut
213 3976 284 4019 ento
302 3970 462 4021 vocemus,
480 3964 507 4009 et
525 3951 647 4006 verbum
665 3952 767 4006 l'ruetnt
780 3966 834 4009 suo
851 3969 910 4006 nnn
925 3954 1087 4011 stolide-tur.
