2574 4724
540 343 628 406 1522.
1047 330 1106 402 157

57 486 141 562 mus,
168 483 324 551 Christum
345 494 436 553 lilium
461 495 523 553 Dei
548 512 616 553 esse
639 496 805 552 Dominum
831 496 909 550 vitae
934 502 963 550 et
979 491 1103 547 mortis:

58 584 126 654 quis
144 603 215 654 ergo
233 598 298 654 est,
317 603 406 657 quem
422 586 601 642 timeamus?
624 585 770 642 Primitias
786 584 930 639 victoriae
947 582 1103 651 habemus,

58 685 88 725 et
106 673 141 726 de
158 674 310 742 tyrannide
322 675 416 745 papali
427 674 659 746 triumphamus,
677 690 751 744 quae
764 683 846 728 antea
857 672 957 741 Reges
974 680 1002 725 et
1020 670 1106 727 Prin.

59 761 143 831 cipes
160 763 282 832 pressit:
308 774 417 834 quanto
433 763 525 832 magis
542 763 624 833 ipsos
641 762 796 832 Principes
813 761 967 815 vincemus
984 768 1015 813 et
1032 774 1105 812 con.

57 860 233 905 temnamus.
267 850 337 906 Non
353 852 493 906 mentitur
509 852 558 906 ille
573 852 623 923 qui
641 851 729 906 dixit:
751 850 860 905 omnia
871 846 1030 918 subjecisti
1045 844 1103 902 sub

54 938 185 1009 pedidus
202 941 278 1008 eius.
313 940 348 994 In
366 958 402 997 eo
420 941 500 1012 quod
519 940 609 1009 dixit,
628 940 743 1008 omnia,
760 955 860 994 nonne
877 948 907 994 et
923 938 995 992 iram
1005 937 1103 992 bullas

58 1028 143 1082 istius
163 1029 346 1084 Dresdensis
366 1028 395 1099 ’)
418 1041 448 1085 et
471 1030 619 1098 omnium,
648 1029 699 1101 qui
723 1028 928 1097 Nurmbergae
946 1025 989 1094 ”)
1011 1027 1103 1083 modo

56 1118 187 1175 fuerint?
219 1119 352 1173 Tentent
368 1133 438 1173 sane
456 1128 484 1173 et
500 1129 621 1190 pergant
638 1118 791 1174 Christum
809 1117 955 1188 dejicere,
980 1130 1036 1171 nos
1061 1116 1104 1171 in.

55 1207 145 1261 terim
162 1210 261 1262 securi
279 1207 494 1279 spectabimus,
513 1218 545 1262 ut
561 1207 651 1264 Pater
669 1206 773 1262 Filium
791 1207 821 1261 in
837 1207 959 1261 dextera
970 1221 1023 1260 sua
1035 1220 1105 1277 pos.

55 1296 94 1350 sit
112 1310 231 1350 servare
248 1311 263 1348 a
280 1296 355 1350 facie
373 1306 402 1350 et
420 1296 510 1350 cauda
535 1295 658 1350 istorum
674 1296 811 1351 titionum
829 1293 1043 1363 fumigantium.

121 1383 321 1439 Vehementer
335 1395 432 1439 autern
446 1395 565 1453 metuo,
583 1385 608 1439 si
625 1395 747 1457 pergant
760 1385 913 1456 Principes
926 1384 1026 1439 audire
1043 1393 1104 1439 sto.

56 1475 149 1528 lidum
166 1475 237 1528 illud
256 1473 412 1528 cerebrum
430 1473 527 1528 Ducis
544 1473 683 1543 Georgii,
701 1475 833 1529 futurum
851 1488 917 1529 esse
934 1474 1102 1543 tumultum,

58 1564 109 1635 qui
127 1574 186 1618 tota
204 1562 362 1618 Germania
380 1563 534 1634 Principes
557 1573 587 1618 et
603 1563 796 1632 Magistratus
813 1565 934 1635 perdat,
962 1573 992 1619 et
1014 1563 1103 1621 simtal

56 1652 177 1706 Clerum
202 1651 372 1705 universum
398 1651 542 1705 involvat:
571 1651 615 1705 sic
633 1652 711 1706 enim
736 1651 861 1707 resista
884 1651 957 1706 mihi
975 1660 1103 1725 apparet.

56 1739 170 1807 Vulgus
188 1740 369 1793 concitatum
386 1750 432 1793 est
455 1739 565 1809 ubique
582 1750 612 1795 et
629 1741 735 1795 oculos
752 1739 860 1808 habet,
887 1740 917 1794 vi
935 1741 1029 1812 premi
1045 1758 1104 1795 nec

55 1830 140 1898 vult,
157 1848 214 1885 nec
231 1840 345 1901 potest:
364 1828 513 1883 Dominus
531 1840 594 1897 est,
613 1830 663 1901 qui
681 1829 753 1884 lacit
768 1830 843 1884 haec
853 1870 862 1898 ,
893 1840 922 1884 et
939 1831 992 1885 has
1009 1831 1104 1886 minas

57 1930 88 1973 et
105 1918 242 1973 intentata
259 1918 389 1989 pericula
415 1916 569 1971 abscondit
585 1917 621 1971 ab
644 1917 739 1972 oculis
757 1917 946 1990 Principum,
973 1918 1033 1973 imo
1050 1926 1104 1990 p‘er

57 2009 230 2066 caecitatem
248 2018 276 2061 et
292 2007 461 2061 violentiam
486 2022 590 2060 eorum
606 2006 673 2060 talia
697 2007 933 2075 consummabit,
955 2018 988 2063 ut
1003 2008 1105 2063 videar

56 2097 132 2151 mihi
148 2096 249 2150 videre
268 2095 457 2151 Germaniam
474 2094 503 2147 in
525 2094 665 2162 sanguine
681 2104 790 2149 natare.
810 2094 911 2168 Quare
927 2106 958 2151 te
975 2114 1029 2168 per
1044 2097 1105 2152 vis.

57 2202 128 2241 cera
144 2185 254 2239 Christi
268 2201 339 2252 oro,
356 2183 467 2255 optime
485 2182 683 2252 ll'enceslae,
700 2199 753 2239 ora
770 2200 839 2238 cum
856 2185 913 2240 tuis
925 2186 1103 2257 nobiscum,

57 2290 89 2330 et
105 2291 248 2347 ponamus
264 2290 320 2328 nos
336 2288 456 2353 murum
472 2282 573 2327 contra
593 2273 692 2327 Deum
707 2289 763 2344 pro
780 2274 911 2345 populo,
929 2274 959 2329 itt
981 2275 1039 2331 istc
1056 2276 1104 2332 dic

57 2365 167 2433 furor-is
185 2364 231 2417 sni
248 2364 354 2432 magni.
387 2363 450 2417 Res
468 2362 544 2417 seria
557 2373 601 2415 est
613 2378 688 2434 quae
701 2352 806 2429 instat,
823 2373 853 2418 et
865 2364 1004 2419 stolidum
1015 2376 1105 2439 caput

57 2453 130 2508 illud
157 2452 327 2507 Dresdense
351 2450 423 2505 nihil
448 2461 531 2504 curat
553 2450 732 2521 populorum
757 2466 891 2521 causam,
918 2452 1012 2509 modo
1035 2468 1106 2511 suas

56 2541 228 2598 insanisset
248 2541 406 2593 inveterata
424 2539 489 2592 odia
508 2538 636 2608 impleat.

123 2630 241 2684 Deinde
259 2629 283 2682 si
308 2629 377 2699 quid
403 2638 509 2699 potes,
535 2639 648 2696 satage,
673 2637 706 2681 ut
730 2644 785 2699 per
807 2619 961 2686 Senatores
986 2641 1105 2687 vestros

56 2729 234 2774 moveantur
250 2717 406 2786 Principes
418 2716 552 2769 modeste
570 2726 599 2769 et
611 2716 675 2769 sine
692 2716 721 2769 vi
740 2727 867 2771 statuere
885 2729 913 2772 et
931 2734 1033 2789 agere,
1052 2738 1104 2775 co.

57 2811 150 2878 gitent
167 2808 293 2879 populos
311 2824 370 2859 non
389 2822 454 2859 esse
472 2798 544 2858 iales
562 2804 669 2871 modo,
688 2805 789 2876 quales
803 2807 947 2862 hactenus
965 2811 1104 2883 luerunt,

58 2899 154 2951 sciant
176 2897 301 2964 gladium
319 2894 513 2948 domesticum
531 2893 592 2947 suis
615 2893 783 2949 cervicibus
809 2896 974 2952 certissime
992 2899 1105 2969 impen-

58 2987 139 3039 dere.
176 2985 235 3055 Ipsi
254 2993 358 3052 agunt,
384 2991 416 3035 ut
434 2981 599 3034 Lutherum
618 2981 755 3051 perdant,
784 2983 835 3036 sed
853 2996 934 3038 certe
954 2985 1105 3042 Lutherus

57 3076 132 3144 agit,
150 3085 181 3128 ut
200 3073 254 3143 ipsi
273 3082 444 3126 serventur:
463 3086 522 3123 non
536 3070 686 3138 Luthero,
705 3072 757 3124 sed
776 3071 845 3142 ipsis
863 3073 950 3128 instat
965 3076 1104 3147 perditio,

59 3181 149 3235 quarn
165 3164 343 3228 moliuntur,
365 3172 478 3213 tantum
496 3159 578 3213 abest
595 3169 626 3213 ut
644 3175 697 3213 eos
714 3160 842 3215 timeam.
879 3163 958 3217 Haec
977 3175 1057 3220 certe
1075 3166 1105 3221 in
1170 3163 1172 3167 ’

58 3253 165 3323 spiritu
181 3251 262 3321 loqui
288 3266 336 3302 me
354 3248 489 3301 arbitror.
525 3247 615 3320 Quod
633 3247 657 3300 si
684 3248 804 3304 omnino
823 3250 938 3304 delinita
956 3263 1000 3307 est
1016 3254 1058 3308 ira
1075 3254 1105 3310 in

59 3344 166 3408 coelo,
189 3354 221 3394 nt
237 3358 293 3393 nec
312 3338 514 3404 orationibus,
532 3354 588 3390 nec
607 3338 740 3391 consiliis
758 3338 893 3410 impediri
910 3343 1025 3412 possit,
1052 3344 1106 3398 im.

59 3432 256 3503 petrabimus,
273 3441 306 3483 ut
322 3428 422 3481 dosias
441 3438 545 3480 noster
561 3426 589 3480 in
607 3442 679 3497 pace
698 3427 839 3498 dormiat,
860 3440 889 3484 et
905 3433 1031 3488 mundus
1049 3433 1105 3489 sibi

58 3522 243 3590 relinquatur
260 3520 288 3571 in
306 3533 387 3571 suam
407 3517 595 3586 Babylonem.

129 3610 209 3681 Quid
233 3607 371 3661 Christus
397 3607 524 3673 cogitet,
549 3605 667 3662 nescio:
691 3605 752 3659 hoc
777 3617 874 3661 autem
900 3611 983 3678 scio,
1008 3612 1105 3668 mein

58 3700 119 3754 hac
142 3712 228 3751 causa
253 3713 312 3750 non
329 3696 418 3749 fuisse
436 3706 494 3747 tarn
523 3693 655 3746 animoso
674 3704 704 3747 et
720 3695 850 3764 superbo
868 3699 990 3767 spiritu,
1015 3717 1104 3773 quam

113 3917 137 3963 ·)
152 3910 235 3969 scats
250 3913 334 3965 scara·

110 3987 149 4037 *ἢ
164 3985 237 4038 astum
252 3984 331 4032 statu
354 3981 491 4036 utrinam!
509 3981 577 4032 stlta
592 3981 706 4036 sltltsltat
715 3981 748 4045 p.
762 3984 840 4040 (stus
852 3993 910 4038 tuat.
