2574 4724
598 304 702 371 tras·
739 362 742 364 .
1107 296 1183 377 437,

116 463 258 520 universo
274 460 393 535 populo
424 460 545 532 insignis
567 477 678 519 nausea
701 469 730 517 et
756 459 936 518 abominatio
960 464 1015 517 est.
1055 457 1167 532 Neque
1227 510 1232 516 .

116 556 190 612 licet
200 553 229 607 'ri
247 564 294 607 aut
310 553 435 625 imperio
450 552 481 607 in
498 567 551 607 eoa
564 551 706 622 grassari,
723 550 845 608 ut'noati
862 551 970 607 decere
983 550 1168 613 Christianos
1211 593 1230 614 .,

117 661 178 699 non
202 641 258 697 nisi
275 642 383 698 virtute
400 641 486 713 gladii
509 641 629 713 spiritus
646 657 786 712 pugnare.
820 641 869 696 Sio
894 641 972 696 enim
998 650 1026 696 et
1051 641 1169 704 infreno
1228 695 1232 701 ,

117 733 262 804 populum
287 732 437 804 quotidie,
473 731 583 803 alioqui
602 731 801 802 jamdudum
826 731 931 786 domus
954 731 1001 787 illa
1025 730 1169 786 Omnium

118 825 311 891 Sanctorum,
337 822 399 877 imo
425 821 531 879 domus
557 821 691 876 omnium
710 819 933 890 Diabolorum,
963 821 1020 876 elio
1047 821 1169 878 nomina

119 913 246 973 ferretur
261 912 291 966 in
307 911 392 967 orbe.

184 1017 241 1073 Sed
257 1035 315 1072 neo
327 1025 509 1090 potestatem
526 1015 671 1090 Spiritus,
693 1032 782 1088 quam
804 1016 885 1071 dedit
906 1013 992 1071 uobis
1009 1016 1115 1084 Deua,
1139 1016 1169 1074 in

119 1107 199 1161 illam
215 1106 355 1174 exercui,
379 1107 477 1161 ferens
494 1105 700 1176 longanimiter
715 1103 909 1177 opprobrium
928 1104 1027 1171 istud,
1049 1106 1074 1160 si
1091 1106 1170 1161 forta

119 1199 169 1253 det
191 1197 248 1252 illis
264 1197 352 1254 Deus
370 1196 596 1268 poenitentiam,
618 1203 778 1250 contentus
803 1193 938 1263 iuterim,
963 1194 1044 1264 quod
1066 1205 1170 1252 nostra
1227 1256 1231 1269 ‚

120 1288 246 1354 domus,
273 1301 347 1357 qnae
365 1284 465 1339 verius
490 1293 537 1338 est
554 1283 698 1340 Omnium
715 1282 889 1338 Sanctontm
907 1282 1033 1353 domus,
1056 1282 1108 1339 hio
1124 1301 1173 1341 re.

119 1386 188 1445 goat
204 1384 234 1429 et
249 1385 307 1430 stat
323 1373 404 1428 velut
420 1372 510 1428 turris
525 1371 629 1428 Libani
646 1380 750 1429 contra
767 1371 890 1429 domum
906 1371 1039 1429 omnium
1055 1372 1172 1429 Diabo.

119 1466 227 1520 lorum.
267 1465 313 1518 Sic
337 1464 470 1518 Satanam
494 1472 669 1535 torquemus
697 1459 812 1532 verbo,
845 1461 979 1534 quamvis
1005 1462 1053 1519 itte
1077 1463 1171 1520 risum

120 1557 247 1610 simulet.
281 1554 339 1610 Sed
351 1553 429 1608 dabit
440 1552 593 1620 Christus,
610 1561 643 1605 ut
654 1567 725 1625 spes
742 1566 796 1607 sua
807 1551 886 1608 fallat
901 1567 990 1621 eum,
1007 1563 1037 1609 et
1053 1553 1171 1611 cunetis

118 1645 284 1702 videntibus
301 1643 519 1717 praecipitetur.

183 1751 247 1806 Ora
263 1766 398 1822 prome,
415 1749 462 1802 vir
472 1755 574 1811 sancte
587 1744 663 1802 Dei:
680 1746 771 1816 gratia
782 1754 882 1804 tecum
899 1755 1014 1805 etcum
1031 1748 1171 1808 omnibus

119 1839 246 1908 vestris,
263 1841 373 1894 Amen.
404 1833 595 1892 Mnxxul.

153 2165 179 2227 t.
196 2166 389 2233 metantes.
954 2168 1009 2226 ΝΟ.
1026 2169 1139 2257 nm,

424 2316 473 2387 au
503 2316 588 2389 ate.
621 2315 868 2390 otttttttat

170 2476 194 2525 t.
211 2477 274 2530 5tant
292 2485 336 2526 tn.
355 2475 382 2523 at
395 2475 471 2530 stant
484 2477 590 2526 tatastat
608 2475 633 2524 tn
645 2474 784 2530 &uatem
803 2475 926 2530 untoenalt
945 2474 1021 2530 neten
1038 2477 1122 2530 rinnai
1140 2479 1169 2527 ta

121 2558 145 2596 at
158 2549 193 2594 tte
206 2547 293 2598 attor
306 2549 376 2600 itte.
394 2546 433 2599 td
452 2549 478 2594 tu
497 2550 535 2595 tat
551 2547 617 2601 stite
629 2545 778 2602 &tanttatdt
791 2549 947 2604 auautattea
973 2552 1045 2608 (051.
1057 2552 1129 2606 ttrtat
1138 2563 1170 2601 aa

122 2622 241 2671 eustatio
254 2629 275 2669 t.
291 2623 322 2671 tt.
335 2623 395 2676 iton.
415 2621 459 2667 llo.
473 2621 559 2674 Du.)
586 2626 608 2675 ⁸)
862 2652 864 2656 ι

573 2752 714 2769 —

268 2847 320 2899 men
332 2847 495 2897 Aurllaher
507 2850 538 2896 ll.
552 2851 596 2900 tto.
621 2851 722 2904 sotto
734 2851 777 2904 btv
787 2851 881 2904 metu
894 2851 961 2900 xxt.
971 2853 1021 2903 all.

122 2983 236 3083 Gratia
248 3037 283 3084 ‚et
299 3045 369 3101 pax.
405 3030 550 3104 Quamvis
568 3034 695 3103 fmstra,
713 3034 798 3089 etiam
809 3050 858 3089 me
870 3033 1059 3088 dissuadente
1070 3033 1170 3090 multis

122 3119 302 3187 rationibus,
321 3120 437 3191 optime
450 3120 602 3190 (imbelli,
619 3123 766 3188 scribam,
781 3134 879 3178 tamen
897 3123 936 3178 ita
950 3133 1039 3192 urget
1051 3123 1095 3191 is,
1113 3141 1169 3195 pro

122 3225 182 3278 quo
202 3209 321 3278 scribo,
339 3222 498 3283 postquam
511 3212 707 3282 explorasset,
726 3223 846 3268 essetne
863 3213 1061 3283 Argentorati‚
1079 3230 1171 3284 quem

122 3314 254 3352 nossem.
287 3299 345 3354 Est
367 3302 444 3371 apud
468 3317 523 3356 nos
548 3302 729 3358 Francisous
752 3302 933 3359 Lambertus
954 3301 1081 3370 Gallus,
1104 3313 1171 3360 ante

122 3387 197 3439 duos
209 3392 300 3442 annos
317 3389 396 3444 inter
407 3389 443 3444 M
448 3391 569 3447 inoritas
581 3392 764 3463 apostolicus
778 3392 824 3456 (ut
837 3388 962 3459 vocant)
974 3392 1170 3464 praedicator,

122 3476 212 3529 ducta
232 3486 363 3532 nostrate
388 3479 549 3535 uxorcula:
578 3480 602 3534 is
626 3490 726 3551 sperat
748 3481 855 3536 melius
879 3482 990 3551 degere
1012 3481 1045 3537 in
1062 3480 1170 3538 uicinia

123 3563 236 3621 Galliae
254 3581 343 3633 suae,
367 3583 424 3622 neo
447 3567 526 3623 audit
542 3584 643 3623 meum
661 3569 838 3639 consilium,
862 3569 908 3625 sio
929 3581 1099 3643 occupatus
1111 3587 1170 3627 suo

122 3654 258 3728 proprio.
291 3653 372 3717 Nam
395 3673 450 3726 ego
474 3657 591 3727 sentio,
617 3658 644 3713 si
668 3658 721 3729 qui
744 3659 821 3731 apud
843 3675 904 3715 vos
925 3675 988 3716 non
1009 3661 1170 3717 commoda

171 3903 328 3956 ⁸.)05treet
341 3905 419 3951 truste
432 3903 526 3959 nannet
538 3907 606 3961 «ἕπε
616 3909 742 3966 mettani.
752 3908 917 3967 temserunt.
939 3910 974 3964 6.
986 3909 1171 3967 vttatdtid.

123 3977 143 4022 t.
157 3979 220 4026 trot.
233 3977 436 4032 trutttttttttll.
448 3981 494 4028 358.
506 3981 565 4031 titt.
577 3983 610 4031 20.
