2574 4724
599 316 688 382 1522.
1102 305 1165 378 Μ

110 476 200 543 pua,
214 460 350 540 J'ustitia
366 470 569 546 et‘qaudium
583 471 617 526 in
635 472 767 546 Spiritu
777 469 907 528 sancto:
933 467 1032 526 Lucae
1050 468 1164 525 >lulla

114 561 266 634 Regnum
275 560 339 615 Dei
349 560 441 614 intra
456 576 511 615 vos
527 567 583 615 ert.
615 560 737 616 Juatitia
747 562 808 616 Dei
821 572 867 616 eat
882 561 974 629 fides,
993 562 1071 614 aient
1085 557 1164 616 noati

115 665 156 705 ex
171 651 264 706 Rom.
277 650 348 706 XL:
367 649 482 705 Graece
500 651 577 705 euim
594 651 673 704 clare
689 651 796 719 legitur
809 652 929 710 βασιλεία
944 649 994 710 iri
1009 651 1054 706 nal
1071 642 1166 705 δικαιω-

112 735 176 802 rim
194 738 293 804 etia-ari,
316 739 386 794 Dei.
420 739 513 808 Igitur
528 740 657 811 primum
674 740 823 810 quaeritur
839 755 962 808 regnum
979 738 1040 793 llei
1061 721 1122 793 eto.
1138 739 1165 797 a)

115 822 195 884 Ante
213 829 313 882 omnia
330 837 449 882 curatur
460 828 613 897 docendo,
632 828 794 892 audiendo,
810 828 977 882 meditando
990 825 1164 895 Evangeli03

114 927 148 972 ut
164 918 291 973 multum
307 918 422 987 lateque
438 922 618 988 propagetur
634 917 706 971 lidos
725 928 754 971 et
771 917 900 986 cognitio
916 915 991 970 Dei:
1009 925 1073 970 tum
1089 908 1165 970 tem.

114 1008 226 1080 poralia
240 1007 433 1076 adjiciuntur,
451 1007 518 1077 quia
531 1006 731 1061 mercenarius
743 1006 846 1075 dignus
859 1017 905 1060 eat
916 1006 1055 1059 mercede
1069 1021 1133 1060 sua.

181 1097 336 1163 Caeterum
348 1097 428 1150 hunc
439 1095 536 1148 virum
547 1096 596 1148 tibi
612 1097 807 1160 commendo,
823 1104 855 1150 ut
866 1097 891 1149 si
903 1095 973 1165 quid
984 1105 1083 1165 potes,
1096 1110 1165 1149 eum

116 1186 216 1241 audias
235 1198 264 1240 et
276 1187 385 1255 juves,
403 1186 520 1239 videtur
537 1186 615 1238 enim
631 1185 705 1239 mihi
722 1202 835 1256 pauper
850 1195 882 1240 et
897 1185 994 1256 inops.

178 1275 335 1330 Johannes
358 1275 544 1330 Pomeranua
567 1275 586 1328 l.
612 1278 637 1328 2.
651 1287 718 1344 post
734 1276 872 1346 Dionysii
895 1276 1012 1347 nuptias
1035 1273 1166 1331 habebit.

113 1362 250 1423 Petimus·
265 1381 338 1433 ergo
354 1376 383 1418 te
401 1363 570 1431 diligenter,
588 1375 617 1417 et
633 1373 665 1416 tu
683 1365 833 1431 diligenter
849 1365 1030 1433 intercedas,
1048 1381 1109 1437 quo
1124 1366 1167 1420 l'e.

115 1455 179 1512 rina
197 1456 291 1525 aliqua
302 1454 485 1518 honoretur,
503 1463 566 1506 tum
577 1461 701 1524 propter
713 1453 828 1524 ipsum,
847 1455 896 1525 qui
912 1472 967 1525 per
983 1470 1051 1510 aeae
1063 1455 1167 1524 dignua

116 1557 180 1612 est,
196 1554 260 1598 tum
279 1551 402 1615 propter
418 1558 473 1595 nos
491 1541 725 1612 ejusnospues,
739 1530 791 1614 'qui
810 1560 845 1597 an
863 1545 937 1610 digni
954 1550 1065 1613 simus,
1082 1556 1166 1600 tuum

112 1645 181 1691 asto
193 1633 350 1707 judicium.
385 1635 448 1702 Age
466 1649 557 1707 ergo,
572 1644 603 1684 ut
620 1632 813 1700 intelligamus
824 1634 923 1688 valere
940 1650 996 1688 noa
1012 1635 1119 1706 aliquid
1138 1637 1166 1690 iu

114 1727 180 1783 aula
196 1723 324 1796 petendo
347 1722 377 1775 iu
398 1737 483 1791 apem
508 1721 635 1775 futuram
658 1722 791 1776 aliorum.
826 1721 905 1777 Nam
928 1722 965 1776 de
989 1724 1165 1781 lectionibus

115 1815 216 1872 statim
233 1812 302 1867 aliae
318 1813 410 1882 plura.
443 1809 509 1864 Scis
526 1810 605 1862 onim
623 1820 656 1862 tu
678 1812 757 1880 ipae,
784 1811 864 1880 quod
882 1810 991 1866 alienus
1009 1823 1039 1869 et
1055 1802 1166 1885 pauper

114 1906 171 1972 sit,
189 1902 256 1956 ideo
274 1902 406 1955 auctiore
430 1900 511 1954 douo
535 1900 746 1966 honorandus,
772 1901 821 1969 qui
846 1901 874 1954 in
894 1902 1024 1955 futurum
1041 1903 1165 1973 copiose

115 1994 154 2057 ait
178 1991 249 2046 illud
275 1989 501 2062 promeriturus.
536 1987 618 2040 Vale.
651 1986 874 2057 Witembergae
884 2027 893 2055 ,
923 1989 1070 2044 Sabbatha
1098 2002 1167 2062 pout

115 2080 295 2148 Michaelis,
317 2094 393 2132 auno
410 2074 585 2132 MDXXIl.

808 2165 955 2224 Martinus
972 2168 1134 2226 Lutherua.

149 2505 193 2558 aa.
209 2497 373 2564 october.
728 2545 731 2551 .
806 2517 809 2521 ’
838 2497 890 2556 N0.
908 2497 1134 2562 ccccxxxv.

499 2646 548 2718 ltu
580 2644 791 2725 cuatatiu.

170 2807 192 2855 c.
206 2803 401 2857 invitantium
418 2800 625 2856 liminalimina
638 2801 762 2857 culinen
780 2804 818 2852 ati
832 2804 1016 2860 cuauaelluutli
1034 2807 1080 2855 uua
1099 2805 1167 2855 tatttt

129 2880 158 2927 iit
172 2880 307 2930 tantaene
321 2875 452 2929 ortaria.

572 2971 725 2986 -ι-ι*

144 3032 1146 3188 ΒωῃψήῃηηὴΜἼἨὼηωῂἥῶωωωῢΜώ

503 3186 505 3190 ,
644 3177 649 3188 .
662 3145 708 3190 812.
1156 3156 1159 3163 ’

301 3278 366 3331 Suo
383 3277 417 3331 in
435 3275 574 3330 Domino
594 3274 733 3347 Georqio
749 3274 930 3347 Spalatino.
960 3277 992 3343 2)

122 3414 238 3512 Gratia
255 3466 285 3510 et
302 3472 368 3527 pax.
403 3455 476 3511 Non
499 3455 583 3526 potui
600 3471 657 3507 nec
674 3452 755 3507 'volui
772 3455 843 3508 huic
866 3455 931 3510 viro
948 3473 1053 3526 negare
1071 3458 1171 3516 literas

117 3547 399 3612 commendatitias,
415 3545 456 3599 mi
474 3545 635 3615 Spalatine:
659 3543 704 3596 vir
721 3542 817 3598 bonus
836 3555 926 3599 estet
944 3545 1093 3616 Evangelii
1109 3564 1174 3617 gra.

122 3641 161 3694 tiu
179 3637 377 3708 periclitatur,
395 3636 492 3706 itaque
510 3645 539 3687 et
557 3632 655 3687 audies
674 3649 759 3700 eum,
785 3644 813 3686 et
830 3634 948 3702 dignum
960 3637 1107 3705 judicabis
1123 3641 1174 3694 cui

122 3727 222 3794 adaia,
241 3727 266 3781 ai
283 3736 383 3796 potes:
410 3737 496 3796 potes
514 3733 612 3776 autem
630 3722 723 3776 facile.
758 3721 828 3776 Vale
847 3723 875 3778 iu
892 3725 1035 3783 Domino.
1070 3730 1174 3785 Ooou.

176 3977 197 4026 1)
212 3972 279 4017 cod.
293 3972 308 4015 J
313 3983 356 4018 eu.
371 3972 386 4022 †
400 3970 499 4018 scilicet.
548 3971 572 4019 2)
587 3969 648 4021 citat
663 3970 723 4022 cad.
736 3969 789 4018 ltu.
