2586 4710
197 318 237 395 dl
286 384 288 388 ,
677 328 767 394 tsat.

196 484 373 560 postulavit,
389 496 423 544 ut
439 485 620 562 explicarem
637 488 818 557 evangelium
836 484 931 553 idern,
953 496 987 542 nt
1001 478 1144 552 lraber'et,
1166 479 1248 559 qnod

195 579 315 646 grisaeis
334 578 379 647 (t)
396 579 460 634 istis
477 579 645 641 Pharisaeis
663 586 692 632 et
706 577 871 650 hypocritis
890 577 1098 653 responderet,
1125 577 1175 647 qui
1198 589 1248 630 ver

194 667 238 721 lut
255 669 441 739 praeventuri
458 685 556 722 meum
574 670 611 723 de
628 667 816 723 consessione
835 664 982 729 libellum,
1005 664 1068 720 hoc
1091 667 1248 734 evangelio

195 758 324 811 anianum
340 758 485 830 Principis
503 775 718 830 praeoccupare
741 765 770 812 et
792 767 924 812 avertere
947 756 1124 811 rnolltrntur:
1150 759 1248 812 audie.

147 913 155 919 .
195 858 264 902 rnnt
282 846 376 914 enirn,
393 848 450 902 snb
468 849 572 902 incude
590 862 658 903 esse
676 862 845 902 sermonem
863 847 900 900 de
917 846 1115 901 consessione.

261 936 365 1007 Itaque
391 952 458 991 enm
478 935 507 1001 ⁸)
530 938 573 991 ad·
589 945 616 990 te
640 937 816 990 mittendum
842 935 959 1000 curavi,
983 934 1040 988 liae
1062 935 1188 1002 ratione,
1213 944 1247 988 nt

202 1042 322 1079 curares
344 1026 434 1081 aliena
452 1036 480 1080 et
496 1026 573 1080 bona
590 1043 679 1080 mann
695 1025 822 1080 describi
839 1025 1006 1094 diligenter,
1027 1041 1096 1078 curn
1113 1036 1143 1079 et
1161 1025 1246 1097 copia

196 1126 225 1170 et
243 1116 303 1169 otio
321 1115 493 1186 hujusmodi
511 1132 616 1170 manns
634 1114 785 1183 abundes,
807 1126 836 1171 et
851 1130 916 1170 mea
933 1129 1038 1168 manns
1056 1115 1177 1169 celanda
1200 1116 1247 1169 siti

194 1205 298 1279 ltaque
315 1207 386 1262 mihi
404 1224 500 1262 meam
516 1207 786 1273 mannmrernitte,
812 1223 882 1260 cuna
906 1205 982 1260 aliud
1007 1207 1159 1276 exemplar
1183 1223 1246 1261 non

193 1291 339 1365 habeam,
364 1308 394 1351 et
416 1297 488 1353 nulli
516 1296 597 1352 alteri
625 1297 696 1353 tradi
721 1296 849 1368 potnerit
874 1296 910 1351 ad
935 1295 1183 1365 describendum,
1208 1314 1247 1352 ne

193 1388 339 1458 proderer
355 1403 420 1455 ego.

260 1477 300 1532 Et
325 1494 492 1548 quanquam
510 1494 577 1531 enm
595 1477 696 1532 locum
713 1477 742 1532 in
759 1475 858 1531 libello
876 1476 912 1530 de
929 1477 1119 1532 confessione
1138 1486 1244 1532 tracta.

194 1565 269 1632 rim,
293 1576 391 1620 tamen
416 1565 454 1620 ita
472 1566 720 1631 contemnebam,
744 1576 776 1620 nt
793 1565 939 1637 superflua
957 1565 1106 1619 videretur
1122 1566 1244 1633 diligens

195 1655 369 1709 confutatio.
399 1648 475 1709 Nun
501 1656 578 1709 enim
603 1654 762 1709 credebam
786 1654 863 1708 ullos
889 1666 947 1707 tarn
971 1669 1106 1722 crassos,
1129 1656 1245 1725 quiex

194 1741 257 1797 lroc
279 1743 348 1797 loco
365 1743 583 1798 confessionem
601 1744 679 1797 serio
697 1743 876 1798 adstructnri
901 1752 1009 1797 essent.
1043 1741 1173 1798 Proinde
1195 1744 1245 1798 bic

195 1842 224 1885 et
251 1832 402 1899 diligenter
426 1842 454 1886 et
479 1833 601 1902 copiose
628 1832 728 1893 locum
751 1831 889 1897 tractavi,
915 1843 943 1883 et
968 1831 1111 1887 insaniam
1138 1848 1244 1886 enrnrn

193 1921 350 1975 confutavi.
386 1919 476 1995 Quod
494 1921 518 1975 si
536 1921 745 1975 excudendum
761 1933 792 1974 tu
804 1921 960 1990 judicaris,
977 1937 1140 1993 praepones
1152 1921 1245 1989 bane,

194 2028 283 2081 quam
308 2011 398 2081 adjeci
424 2007 633 2082 p'raefiuionern
657 2012 843 2082 inscriptam.
873 2013 895 2065 si
920 2011 966 2076 cui
992 2011 1098 2077 votes,
1121 2013 1243 2066 nornine

193 2115 281 2167 tneo,
308 2102 355 2154 vel
382 2100 536 2169 llugbaldo
560 2095 711 2168 Einsidel,
740 2099 786 2154 vel
810 2100 857 2154 cui
882 2100 1059 2167 viserunt,
1086 2103 1177 2156 modu
1205 2119 1242 2157 ne

191 2189 333 2262 I'rincipi.
367 2191 456 2247 Vides
474 2207 603 2246 causam,

259 2278 325 2348 Ego
344 2281 422 2334 enim
439 2295 504 2332 enm
523 2279 629 2333 excudi
647 2291 761 2352 paterer
778 2279 836 2332 boc
853 2278 1040 2353 potissimum
1053 2277 1193 2345 nornine,
1209 2289 1243 2333 nt

194 2370 324 2423 sennoni
350 2369 385 2421 ‹le
410 2370 600 2424 confessione
624 2370 847 2439 suffragaretur,
875 2381 935 2425 turn
961 2371 1041 2440 quand
1066 2368 1243 2424 christianae

193 2460 236 2512 rei
255 2460 345 2512 ferme
363 2475 509 2513 summam
526 2461 754 2528 complectatur,
773 2469 799 2513 et
817 2460 930 2514 alutnde
949 2461 1037 2514 vitam
1054 2460 1168 2528 pietatis
1186 2461 1245 2513 lor.

193 2557 273 2611 met,
291 2565 351 2618 qno
369 2558 398 2602 et
416 2559 602 2618 praegnatium
621 2548 808 2603 Postillarnm
825 2551 983 2605 deliberent
1001 2548 1151 2605 Germani.
1188 2551 1245 2604 ad.

189 2636 351 2709 jecissem,
376 2639 457 2708 quod
482 2636 635 2708 Phiiippus
654 2639 682 2693 in
699 2655 836 2694 sermone
854 2638 1011 2695 desiderat:
1037 2639 1089 2693 sed
1114 2641 1248 2696 nondum

196 2743 317 2800 possum
337 2727 495 2794 intelligere
513 2728 581 2798 qnid
600 2728 753 2783 desideret.
778 2728 807 2785 Si
824 2741 919 2782 niuem
938 2728 1046 2786 excudi
1062 2745 1121 2783 non
1136 2730 1246 2799 placet:

197 2817 408 2886 praefationem
427 2817 455 2871 in
472 2818 636 2886 spongiam,
655 2828 686 2873 et
700 2817 830 2889 Principi
849 2818 975 2875 Iohanni
991 2818 1157 2889 reliquum:
1174 2817 1246 2874 mihi

195 2921 292 2961 anearn
310 2922 429 2959 ananum
447 2905 610 2960 distrilnrea
631 2902 675 2964 ”l

263 2995 349 3068 Quae
366 2995 488 3050 luserint
508 2996 688 3050 Parisiensea
712 2997 740 3052 ln
762 3012 834 3051 euos
860 2995 1005 3067 sophistas
1023 3012 1092 3051 meo
1109 2997 1248 3062 nomine,

197 3084 315 3143 audisse
340 3098 369 3142 te
385 3086 485 3142 credo.
520 3087 676 3143 (leitternni
701 3086 800 3157 incipit
824 3086 884 3145 hoc
905 3087 1105 3163 sacerdotium
1128 3088 1198 3143 Baal
1220 3099 1251 3145 et

196 3173 337 3244 Phegor,
364 3168 551 3232 maledictum
578 3192 593 3228 a
623 3172 757 3231 Domino
787 3193 840 3246 per
867 3193 904 3231 os
931 3176 1025 3232 Pauli.
1068 3176 1249 3232 Benedictus

196 3264 295 3321 Deus.
330 3264 370 3318 Et
386 3265 466 3336 qnod
484 3264 564 3334 Papa
583 3280 650 3319 curn
670 3264 795 3320 Caesare
812 3265 972 3332 consultat,
1000 3266 1131 3323 nondnrn
1156 3278 1251 3323 rnatu

202 3355 275 3411 ruit:
301 3364 458 3425 utrumque
476 3355 552 3410 ducit
569 3355 677 3420 Deus,
694 3355 780 3413 sicuti
801 3367 968 3425 merentur,
993 3365 1101 3428 etque
1123 3357 1250 3415 ducendi

199 3454 285 3498 eunt:
301 3444 352 3497 sed
370 3444 483 3500 interim
500 3444 529 3499 id
547 3462 606 3500 non
624 3445 768 3512 cogitant,
786 3445 880 3500 donec
896 3445 1099 3518 compleantur
1115 3445 1250 3517 iniquita.

198 3544 245 3590 tes
264 3539 506 3589 Amorraeornm.
540 3535 605 3604 Ego
623 3536 736 3603 gaudeo
754 3545 783 3589 et
799 3536 886 3590 faveo
904 3536 1022 3591 (laesuri
1039 3535 1116 3590 hanc
1133 3537 1252 3592 felicita.

199 3633 280 3689 tern,
302 3625 353 3676 sed
371 3636 489 3695 propter
504 3626 674 3692 misterium
693 3624 762 3679 Dei.
796 3626 886 3692 l‘ale,
911 3635 939 3680 et
955 3640 1005 3680 ora
1023 3616 1079 3697 pro
1097 3641 1158 3683 tnc.
1190 3627 1252 3685 Dte

202 3713 370 3785 Lamperti‚
387 3730 465 3769 anno
484 3712 638 3772 MDXXI‘⁸

748 3778 894 3836 Martinus
911 3779 1078 3850 Lntherns,
1096 3764 1234 3854 attrgust.¹

253 3940 277 3989 ⁴)
295 3936 401 3987 nantia
413 3938 453 3986 tu
466 3938 623 3993 creatutura
635 3948 681 3987 ura
694 3942 736 3987 tun
750 3942 774 3987 n
785 3939 939 3999 unitiatem.

251 4013 289 4062 ³⁸)
304 4013 337 4064 ti.
350 4013 373 4068 n,
387 4012 433 4061 retr
445 4012 507 4066 tatrtt
519 4012 549 4062 tn
562 4013 637 4061 utetur
648 4011 793 4074 neumata
805 4014 889 4065 relatu
906 4015 1006 4068 turrea
