2574 4724
538 277 629 344 1522.
1044 275 1105 338 233

57 434 114 508 ipsi
139 433 338 491 colamnam
364 433 492 504 insignes
517 445 601 504 sunt,
631 436 740 491 alienae
766 440 796 489 et
820 431 968 489 innocenti
996 428 1106 485 nationi

10 526 14 579 '.
56 524 222 598 inponere.
414 597 416 601 Α

121 613 197 672 Νοιι
213 630 286 686 ergo
302 615 496 686 opprobrium
507 613 666 669 Bohemici
682 612 810 669 nominis
821 621 935 678 metuo,
953 626 1027 682 quae
1040 610 1105 680 glo.

58 706 102 760 ria
117 716 166 761 est
182 721 285 761 coram
302 706 391 772 Deo,
409 706 462 760 sed
479 705 560 776 quod
577 704 716 760 Christus
733 712 780 759 me
796 702 848 757 hic
866 702 984 772 posuit,
1000 711 1105 777 attor.

59 810 167 867 qneam
184 795 327 867 papistica
344 806 492 863 monstra,
518 795 588 848 dnm
612 794 684 849 nihil
701 793 831 848 invenire
848 793 877 847 in
894 807 942 846 me
959 800 1106 861 possunt,

59 885 142 956 qnod
152 884 268 954 jactare
285 884 395 941 vellent
411 884 441 937 in
458 901 529 938 satae
547 882 726 938 incredibilis
740 881 864 936 invidiae
881 881 1104 951 respiraculum.

10 1000 12 1007 v
58 974 192 1029 Cnaoiari
210 989 263 1028 eos
280 975 343 1029 vult
359 974 495 1029 Christus
512 989 563 1027 sua
580 972 716 1044 ipsorum
732 971 839 1027 invidia
856 982 886 1024 et
898 969 1023 1040 dirumpi
1036 985 1106 1040 pro.

58 1065 122 1136 pria
137 1063 257 1119 malitia.
289 1062 430 1134 Expecto
447 1063 536 1132 igitur
546 1079 600 1118 eos
611 1063 704 1117 hioet
720 1059 886 1133 expectabo
898 1058 1107 1129 impotentinsi.

58 1170 138 1209 mam
162 1163 268 1209 eornm
284 1153 439 1220 invidiam,
465 1153 583 1222 egregie
605 1150 767 1208 irritaturus
783 1161 815 1206 et
836 1159 985 1216 torturus,
1010 1149 1107 1203 donec

58 1245 176 1299 vixero.
210 1243 241 1296 Si
257 1252 357 1297 autem
372 1257 421 1297 me
439 1242 620 1311 occiderint,
644 1242 737 1297 multo
761 1240 891 1297 maxime
909 1239 1104 1295 cruciatuum.

58 1331 107 1387 sie
125 1333 206 1387 enim
222 1332 307 1387 datus
325 1347 393 1387 sum
410 1331 467 1387 illis
486 1332 515 1386 in
531 1340 697 1403 portentum
715 1328 958 1387 aDominomeo
972 1327 1105 1394 Christo,

57 1421 174 1477 ursive
191 1437 239 1475 me
257 1420 422 1488 vivificent,
439 1421 503 1475 sive
521 1422 674 1490 occidant,
690 1419 765 1477 nihil
777 1420 902 1490 gratiae,
919 1416 993 1478 nihil
1011 1416 1105 1488 pacis,

57 1511 132 1568 nihil
149 1511 245 1569 solatii
262 1511 397 1565 habitura
414 1511 452 1565 sit
469 1511 579 1566 furialis
596 1528 701 1567 eortina
717 1509 913 1573 conscientia,
939 1519 971 1562 ut
996 1502 1106 1579 duplici

59 1600 238 1656 contritione
254 1599 457 1667 conterantur}
485 1609 514 1654 et
530 1601 693 1672 praesentis
710 1600 833 1654 invidiae
851 1614 939 1654 cruce
957 1606 1107 1651 aeternam

57 1699 230 1771 mereantur
245 1690 396 1759 gehennae
413 1699 566 1744 torturam.
600 1690 691 1744 Instat
708 1690 787 1744 enim
804 1703 885 1743 mors
899 1687 1025 1761 Papatus
1036 1687 1108 1740 abo.

57 1766 224 1849 minabiiis,
248 1791 333 1850 urget
350 1797 419 1834 eum
436 1781 622 1849 ineluctabile
640 1797 728 1836 suum
745 1781 851 1846 iatum,
876 1766 924 1845 et,
948 1787 981 1832 ut
996 1778 1105 1833 Daniel

59 1873 115 1940 ait,
131 1870 289 1938 adfinem
306 1870 357 1924 sui
373 1869 457 1935 verrit
472 1876 502 1922 et
517 1886 608 1924 nemo
623 1866 838 1925 auxiliabitur
854 1867 890 1922 ei.
925 1867 968 1920 lta
981 1882 1107 1920 concur.

58 1961 153 2015 manna
170 1957 329 2030 utrinque,
355 1958 395 2012 illi
421 1966 557 2012 extremo
581 1959 702 2024 surore,
728 1974 783 2026 ego
801 1971 919 2011 summo
938 1965 1107 2021 contemtu,

59 2061 90 2109 et
106 2049 208 2104 vincet
224 2047 341 2102 audacia
356 2063 421 2100 mea
441 2047 472 2100 in
492 2045 615 2101 Christo
638 2044 830 2101 nbussimam
854 2045 971 2099 illorum
995 2044 1107 2121 etjam

58 2138 221 2210 pallentem
237 2136 351 2191 iuriam.

125 2226 225 2282 Aliam
241 2241 315 2280 vero
333 2224 469 2295 sugamia
482 2222 658 2278 Bohemiam
668 2223 810 2291 meditor,
827 2240 865 2276 ne
876 2221 948 2276 nihil
960 2223 1023 2290 veri
1037 2221 1111 2277 vati-

60 2315 205 2371 sinentur·
218 2313 274 2371 sibl
297 2313 427 2386 papistici
444 2312 614 2386 Pythones,
640 2314 693 2368 sed
718 2313 754 2368 de
779 2302 837 2385 qua
858 2313 1002 2383 majorem
1026 2329 1109 2369 cotn-

58 2404 230 2479 punctionin
245 2405 380 2476 spiritum
398 2406 454 2458 sint
470 2403 603 2476 passuri,
628 2402 704 2458 haec
728 2413 791 2468 est,
812 2404 899 2474 juxta
922 2403 992 2457 illud
1009 2401 1107 2458 Mosi:

56 2490 237 2566 provocabo
253 2509 306 2548 eos
322 2493 356 2548 in
373 2509 438 2547 non
454 2500 546 2565 pente
563 2492 643 2547 etin
659 2499 751 2566 qanta
762 2487 865 2546 stulto
873 2489 1012 2546 irritabo
1022 2491 1105 2547 illos.

58 2584 140 2639 Nam
156 2592 269 2637 tantum
285 2583 360 2636 meis
381 2583 487 2636 libellis
509 2583 591 2636 brevi
615 2583 745 2653 propitio
762 2582 883 2636 Christo
908 2582 1047 2649 efficiam,
1073 2592 1106 2637 ut

59 2671 190 2727 Bohemi
202 2687 217 2722 a
229 2688 285 2726 suo
298 2671 461 2742 opprobrio
473 2672 573 2736 liberi,
593 2672 648 2725 soli
665 2662 761 2725 atatem
772 2671 906 2742 Papistae
925 2672 981 2725 sint
996 2688 1107 2725 nomen

62 2760 288 2815 abominationis
305 2761 333 2814 in
352 2760 424 2814 orbe
449 2772 607 2828 terrarum,
633 2772 666 2813 ut
688 2759 876 2814 maledictum
901 2770 929 2814 et
955 2761 1108 2814 anathema

59 2851 117 2916 sit,
146 2866 212 2904 esse
237 2850 395 2921 Papistam.
429 2850 500 2904 Non
526 2850 605 2920 quod
623 2851 719 2903 omnia
744 2851 947 2905 Bohemomm
965 2851 1106 2920 probem,

57 2957 126 2995 cum
145 2957 249 2994 eorum
267 2957 315 2995 res
334 2940 484 3010 ignorem,
504 2951 531 2994 et
550 2950 647 2994 sectas
666 2956 731 2995 esse
750 2926 825 2994 inter
838 2957 891 2994 eos
907 2940 1037 3004 audiam,
1055 2939 1108 2993 sed

57 3032 139 3103 quod
158 3030 300 3103 papistica
317 3030 399 3085 turba
418 3030 472 3085 illis
490 3040 656 3100 comparata
674 3031 772 3084 foetor
789 3040 817 3084 et
835 3046 940 3084 nausea
960 3031 1055 3082 lutura
1067 3028 1107 3082 sit

58 3123 85 3176 in
103 3132 169 3177 toto
194 3120 325 3187 mundo,
347 3120 399 3191 qui
422 3119 496 3173 nihil
519 3120 575 3174 nisi
599 3131 698 3174 sectae
715 3131 783 3174 sunt
802 3120 874 3190 ipsi,
901 3121 973 3172 adeo
997 3128 1029 3172 ut
1050 3117 1107 3173 soli

58 3211 246 3266 Franciscani
265 3211 341 3264 iuter
358 3226 425 3264 sese
444 3211 537 3262 ferme
555 3223 609 3263 sex
627 3211 713 3263 sectis
732 3209 816 3263 scissi
834 3210 899 3264 sint.

123 3301 203 3355 Haec
220 3311 318 3354 autem
336 3301 371 3352 ad
389 3310 418 3354 te
437 3300 556 3365 scribo,
574 3299 670 3353 lleros
688 3315 852 3367 generose,
871 3309 900 3351 ιιι
912 3299 983 3354 mihi
996 3298 1107 3356 initium

56 3392 147 3461 hujus
171 3393 257 3459 fugae
283 3378 399 3460 captem
423 3391 498 3460 apud
516 3401 561 3456 te,
588 3389 637 3459 qni
655 3405 758 3458 regnas
777 3389 805 3442 iu
822 3377 984 3442 Bnhemiae
1008 3389 1106 3455 initio,

56 3481 181 3535 confinis
200 3480 393 3547 Germaniae,
419 3489 449 3533 ut
468 3489 567 3550 perte
589 3489 726 3549 uiamque
743 3479 884 3532 ditionem
901 3479 1059 3549 procedam
1078 3479 1107 3533 in

55 3582 149 3624 tutam
161 3569 347 3625 Bohemiam.
365 3569 433 3622 Rex
449 3569 541 3622 laicus
553 3568 671 3638 scripsit
683 3568 718 3620 ad
729 3567 919 3621 sacerrimum
931 3581 1016 3620 suum
1029 3566 1108 3621 Pon.

55 3660 177 3714 tilicem.
212 3657 279 3727 Ego
308 3659 456 3728 quondam
483 3658 669 3711 miseratione
694 3654 798 3726 Papae
818 3656 944 3709 clericus
973 3655 1105 3711 scribere

55 3748 144 3803 debui
162 3749 196 3803 ad
222 3748 492 3801 christianissimum
516 3746 632 3800 laicum.
667 3747 764 3799 Audio
789 3746 867 3798 enim
889 3755 918 3800 te
943 3745 1105 3801 incredibili

54 3839 155 3893 studio
174 3839 289 3893 feruere
309 3837 336 3890 in
356 3854 459 3907 puram
471 3836 623 3904 Evangelii
642 3836 812 3903 veritatem,
829 3846 858 3891 et
874 3835 1106 3893 abominationes

55 3938 85 3984 et
103 3929 239 3984 scandala
256 3928 407 3983 Romanae
432 3926 612 3998 pestilentiae
636 3927 766 3999 undique
785 3943 800 3981 o
818 3935 870 3981 tuo
885 3914 1018 3982 dominio
1035 3944 1105 4001 pro.

285 4056 295 4081 b
