2574 4724
118 269 179 333 232
594 268 682 332 1522,

117 415 311 494 Bohemiam,
328 432 365 481 ut
378 426 482 481 saltem
500 423 665 497 opprobrio
685 423 768 478 aliern
785 420 915 478 nominis.
927 435 995 476 sese
1012 418 1173 488 solentur,

118 524 149 569 et
165 515 310 571 terribiles
330 515 427 569 Emim
443 531 509 570 sese
526 515 651 584 tingant,
676 515 727 586 qui
750 510 830 585 prae·
843 529 897 567 sua
915 511 1029 566 inscitia
1044 521 1077 566 ct
1093 513 1174 567 mala

116 603 298 660 conscientia
314 605 416 659 nullibi
432 607 540 660 audent
557 620 740 676 comparere.
773 603 905 674 Apparui
921 618 976 671 ego
995 601 1061 671 jam
1078 600 1170 655 tertio

117 709 220 748 coram
245 695 305 762 eis,
331 694 457 766 denique
482 694 680 750 Wonnatiam
702 694 851 762 ingressus
875 707 959 759 sum,
984 691 1073 746 etiam
1097 706 1171 745 cum

117 783 245 850 scirem,
268 782 341 837 mihi
364 784 502 838 violatam
520 799 585 838 esse
607 800 623 837 a
642 782 769 837 Caesare
787 783 875 836 iidem
891 780 1049 853 publicam.
1084 779 1169 835 Nam

117 871 280 926 didicerunt
303 872 458 944 Principes
485 872 680 941 Germaniae,
710 873 780 927 olim
805 873 840 926 de
869 870 1168 937 fide'laudatissimaa

117 962 230 1029 gentis,
258 978 337 1014 nunc
363 962 391 1016 in
420 962 596 1033 obsequium
619 962 686 1017 idoli
711 961 838 1016 Romsni
861 958 933 1014 nibil
958 959 1049 1029 magis
1076 975 1167 1029 quam

115 1050 203 1104 iidem
215 1061 425 1120 contemnere,
444 1051 472 1105 iu
489 1061 662 1124 perpetuam
678 1050 802 1105 nationis
821 1049 1017 1120 ignominiam.
1052 1048 1101 1102 Sic
1117 1042 1168 1103 au.

116 1154 171 1203 sus
186 1148 233 1194 est
249 1139 387 1209 fugitivus
404 1139 451 1192 ille
467 1149 497 1193 et
511 1139 702 1193 meticulosus
714 1133 865 1194 Lutberus
877 1140 906 1193 in
917 1154 1022 1208 gyrum
1034 1136 1167 1192 dentium

114 1229 286 1284 Behemoth
311 1229 429 1283 insilire.
463 1231 503 1282 At
526 1229 565 1282 illi
587 1229 731 1284 tremendi
748 1228 778 1292 1)”
792 1227 933 1298 Gigantes
957 1227 1046 1299 quid?
1082 1226 1166 1282 Toto

115 1318 176 1373 boc
193 1318 320 1373 triennio
337 1336 397 1375 non
414 1329 460 1372 est
478 1317 616 1373 inventus
632 1328 724 1385 unus,
741 1318 790 1389 qui
802 1319 837 1371 ad
849 1333 909 1372 nos
916 1319 959 1370 W
960 1317 1165 1388 ittembergam

116 1410 313 1477 concederet,
339 1419 489 1463 eteorum
512 1409 598 1464 nobis
622 1411 706 1463 etiam
729 1419 835 1476 staret,
859 1425 927 1463 cum
952 1419 981 1463 et
1004 1409 1166 1463 certissimi

114 1496 174 1552 sint
191 1497 227 1551 de
245 1497 301 1551 fide
318 1507 349 1551 et
364 1497 455 1551 tutela
478 1501 602 1568 (nempe
619 1498 675 1552 sub
695 1497 828 1553 Caesaris
847 1497 890 1551 sui
909 1486 1056 1567 praesidio
1072 1497 1165 1552 acturi

115 1588 240 1651 omnia).
274 1586 383 1640 Adhuc
407 1587 514 1661 audent
538 1585 677 1645 homines
694 1587 872 1643 effoeminati
888 1597 917 1643 et
933 1587 1080 1643 excordes
1098 1600 1167 1657 spe.

115 1693 180 1731 rare
198 1675 381 1746 triumphum
396 1692 461 1730 mea
479 1677 563 1745 fuga,
585 1676 786 1730 foedissimam
803 1693 886 1731 suam
903 1676 1093 1746 ignominiam
1109 1677 1166 1731 bo.

115 1767 271 1831 aestuari,
287 1781 346 1836 qua
362 1776 427 1820 toto
446 1765 520 1821 orbe
537 1767 742 1834 celebrantur,
759 1783 829 1825 sese,
844 1783 914 1837 prae
933 1766 1056 1821 tarditate
1072 1776 1103 1820 et
1117 1783 1168 1835 pa.

114 1873 194 1910 vore
208 1853 294 1910 animi
311 1872 372 1908 non
389 1854 495 1908 audere
512 1855 539 1909 iu
560 1864 755 1925 conspectum
780 1856 865 1909 rmiua
887 1854 1011 1909 Lutberi
1033 1855 1166 1926 prodire.

98 1944 197 2020 Quid
214 1956 299 2015 putas
316 1944 372 1998 hae
391 1943 508 2012 fragiles
526 1941 622 1998 bullae
633 1943 783 2012 facerent,
797 1944 836 1996 st
860 1953 895 1997 et·
911 1945 968 2015 ipsi
985 1952 1168 2013 cogerentur

115 2043 219 2089 coram
237 2032 403 2088 adversario
422 2032 546 2087 Caesme
567 2044 596 2086 et
616 2032 751 2087 hostibus
775 2032 1010 2103 praevalentibus
1035 2033 1165 2091 sistere?

115 2123 238 2197 Scilicet
252 2123 279 2176 in
297 2122 378 2177 mille
396 2121 567 2177 diverticula
584 2122 718 2192 lugerent
733 2123 852 2194 miseri,
870 2122 919 2194 qui
937 2123 1062 2185 nuncin
1079 2124 1166 2182 cuni.

114 2202 190 2268 culis
207 2213 268 2267 suis
283 2212 361 2266 sicut
378 2210 494 2267 sorices
512 2211 681 2269 mussitant:
708 2211 862 2267 Lutberus
879 2213 1167 2289 meditatunl'ugam.

115 2301 162 2355 Sic
179 2314 207 2356 et
223 2301 292 2355 Rex
309 2301 431 2370 Angliae
448 2300 510 2354 hoc
527 2300 604 2355 libro
620 2301 711 2355 multa
727 2301 816 2355 saliva
833 2301 955 2357 blateret
969 2301 1005 2356 de
1017 2302 1086 2371 lugu
1096 2319 1169 2358 mea

115 2390 145 2443 in
162 2389 354 2454 Bohemiam‚
382 2388 476 2442 homo
492 2389 611 2459 sapiens
636 2388 763 2456 scilicet,
791 2390 840 2460 qui
865 2390 960 2444 credit
984 2389 1052 2445 ideo
1075 2406 1165 2446 suum

79 2499 84 2515 ·
113 2477 222 2533 librum
234 2493 300 2532 esse
314 2477 513 2533 victoriosum
523 2487 553 2533 et
563 2478 648 2547 digne
666 2478 825 2549 scriptum,
843 2480 868 2535 si
886 2480 1092 2543 adBohemos
1103 2479 1168 2535 Lu.

114 2566 221 2620 therus
239 2565 360 2636 sugerit,
378 2574 435 2620 tam
453 2583 566 2639 vecors¹
575 2577 603 2619 et
615 2567 763 2622 muliebris
776 2577 821 2622 est
832 2569 929 2624 stolidi
940 2568 1033 2640 Regis
1045 2570 1166 2627 invidia.

177 2686 244 2755 Ego
258 2704 349 2754 vero,
366 2688 738 2757 quamvisardeatanlmus
750 2689 853 2744 videre
864 2690 1041 2747 Bolsemiam
1056 2702 1086 2747 et
1097 2690 1168 2746 reli.

114 2770 232 2846 gionem
251 2776 397 2846 papisticis
415 2777 554 2831 monstris
573 2790 631 2830 tam
648 2778 799 2844 odiosam,
825 2789 922 2834 tamen
944 2780 1090 2834 haetenus
1112 2779 1166 2834 ab.

114 2852 204 2921 stinui
228 2879 258 2920 et
279 2864 450 2933 abstinebo,
477 2883 537 2924 uon
561 2867 641 2937 quod
659 2867 852 2943 opprobrium
870 2869 997 2923 nominis
1015 2880 1167 2939 metuam,

114 2954 204 3026 quod¹
215 2955 426 3011 celeberrimae
444 2954 552 3009 nationi
568 2953 711 3009 vilissima
728 2955 883 3010 hominum
900 2957 985 3023 faex,
1007 2957 1168 3026 Papistae,

114 3060 183 3098 cum
195 3059 310 3099 summa
322 3040 442 3117 perlidie
456 3042 597 3112 etinjuria
610 3045 784 3100 inusserunt.
812 3044 890 3101 Nam
901 3046 1065 3117 justissima
1078 3061 1169 3103 causa

117 3133 248 3190 Bohemi
265 3133 428 3189 homicidas
447 3133 519 3187 istos
537 3144 567 3201 et
583 3135 785 3189 Antichristos
804 3125 936 3206 Papistas
953 3136 1170 3205 deseruerunt,

114 3234 272 3296 postquam
289 3224 478 3278 irmocentem
495 3223 591 3278 virum
607 3210 779 3280 dohannem
795 3225 875 3281 Huss
893 3225 948 3297 ipsi
969 3227 1078 3296 septies
1095 3224 1170 3284 hae.

115 3313 200 3388 retici
221 3324 417 3387 exusserunt,
443 3322 472 3367 et
494 3323 649 3386 utramque
673 3315 806 3383 speciem
829 3331 845 3367 a
865 3313 986 3369 Christo
1006 3314 1172 3371 institutam

115 3403 259 3473 sacrilege
277 3401 498 3457 damnaverunt.
532 3403 595 3479 Hae
613 3403 691 3459 enim
709 3417 814 3456 causae
828 3402 887 3457 odii
900 3404 1036 3475 papistici
1048 3405 1076 3457 in
1088 3402 1172 3460 hane

117 3503 254 3562 gentem,
280 3508 337 3546 nec
355 3491 510 3564 aliquando
528 3501 705 3563 purpuratae
723 3491 808 3547 istius
825 3492 992 3547 meretricis
1008 3493 1101 3565 spurii
1119 3511 1173 3565 ag.

116 3592 246 3638 noscunt
263 3583 353 3637 ferale
372 3598 459 3637 suum
476 3580 667 3637 homicidium
686 3590 714 3635 et
736 3581 859 3634 damnati
876 3581 1028 3651 Evangelii
1046 3584 1173 3657 sacrile-

116 3673 213 3741 gium,
237 3671 311 3742 ‚quin
335 3681 460 3742 pergunt
477 3672 609 3725 furorem
626 3685 713 3723 suum
730 3671 803 3724 tueri
821 3681 849 3725 et
866 3672 1079 3743 opprobrium,
1106 3691 1172 3745 quo

164 3919 190 3980 l)
205 3919 259 3964 Str.
273 3918 340 3971 falidr
353 3908 493 3964 trementes.
