2574 4724
205 299 267 373 sut
677 306 766 375 asts·
814 288 816 293 ’
929 354 934 361 .

206 459 361 519 Romanos
385 471 415 519 ct
438 454 579 521 Galatis?
604 460 682 538 Quis
704 463 783 519 enim
799 458 843 518 si'c
867 450 1046 520 tractaturus
1058 465 1130 519 ierat
1145 458 1260 519 -aaoa'ars

205 547 391 625 Scripturas,
413 550 469 607 uisi
491 551 603 609 Paulus
626 552 670 609 sic
694 553 861 635 tractandas
886 568 954 627 esse
970 559 1189 611 monstrasset?
1214 555 1259 608 At

205 641 268 698 hoc
284 651 471 705 monstrare.
489 658 545 712 ego
562 642 679 715 appello
697 641 901 699 commentari.
931 636 1003 698 'Hoc
1021 643 1122 699 solum
1139 661 1157 699 s
1172 642 1257 701 Phil.

203 729 274 803 ippo
292 731 410 803 petitur.
444 732 519 803 lpse
530 747 604 789 vero
620 731 674 788 ulia
690 731 747 788 sibi
763 730 800 787 de
816 745 850 787 se
866 733 934 805 ipso
951 732 1078 789 somniat
1092 732 1168 805 peti.

272 833 362 906 igitur
379 839 414 890 ad
430 845 458 892 te
475 837 560 892 mitto
576 837 638 893 hoc
648 854 750 893 meum
762 837 966 905 latrocinium,
982 837 1094 911 optime
1106 837 1252 908 Gerbelli,

184 960 188 967 -
205 933 239 979 ut
256 935 285 979 et
308 925 385 997 apud
402 941 458 982 vos
475 925 827 986 studeatisvehementer
847 942 1005 983 commune
1023 936 1053 981 et
1074 927 1197 998 vulgare
1213 929 1252 983 fa.

204 1030 294 1082 cere,
311 1015 511 1086 quantumvis
516 1015 608 1076 insito
618 1024 738 1072 autore.
771 1014 851 1072 Nam
867 1032 958 1088 spero
974 1014 1149 1073 iohannem
1165 1016 1250 1072 Sece.

203 1104 281 1159 rium
297 1103 326 1174 )
344 1105 476 1159 daturum
494 1120 633 1176 operam,
660 1114 692 1159 ut
710 1104 891 1160 emendatius
908 1114 938 1160 et
952 1105 1100 1161 stauratius
1121 1106 1248 1161 excuda-

204 1205 272 1264 tur,
298 1211 388 1267 quam
411 1195 523 1273 lurtum
546 1208 648 1250 meum
672 1204 753 1248 autea
770 1209 917 1277 oxomum
936 1202 993 1251 ost.
1028 1192 1247 1275 Quanquamsl

204 1283 395 1345 inexorabilia
421 1266 555 1345 Aclsilles
572 1283 635 1340 iste
657 1282 840 1341 voluisset
820 1300 896 1356 ipse
912 1302 968 1357 per
984 1300 1053 1341 sess
1074 1283 1246 1342 rhetoricati

200 1375 236 1431 iu
251 1373 314 1430 hoc
329 1374 445 1442 libello,
452 1358 587 1429 multum
602 1358 679 1428 lucis
697 1374 771 1431 forte
788 1385 820 1430 et
834 1376 942 1447 gratiae
955 1353 1128 1433 addidisset.
1158 1376 1243 1434 Nuus

203 1466 229 1520 si
248 1464 335 1520 etism
351 1463 460 1535 aliquid
471 1462 655 1519 defueritvcl
666 1463 852 1534 dispositioni
863 1464 912 1521 val
929 1464 1135 1542 eloquentiae,
1142 1477 1242 1524 tameo

202 1552 266 1624 ipsa
282 1551 421 1625 sapientia
437 1560 466 1607 et
482 1551 590 1607 veritas
607 1552 677 1607 sutis
694 1552 790 1608 adfert
804 1553 912 1623 gratiae
937 1564 968 1609 et
982 1554 1070 1611 lucis.
1103 1554 1240 1612 veracem

202 1643 284 1718 enim
308 1652 340 1717 ct
361 1642 523 1715 sapientem
541 1640 666 1715 jactabit
683 1641 708 1697 is
725 1640 800 1697 liber
821 1641 1010 1714 Philippum,
1036 1643 1093 1700 uisi
1111 1644 1237 1702 Christus

201 1748 264 1809 ιιοιι
279 1732 317 1789 sit
332 1733 439 1788 vetitas
450 1741 490 1808 'et
507 1731 666 1811 sapientis,
691 1747 781 1811 quem
804 1732 896 1803 spirat
911 1741 942 1788 et
958 1733 1066 1802 docet,
1089 1734 1162 1791 licet
1178 1749 1241 1791 cum

201 1823 323 1886 Christo
348 1833 377 1879 et
394 1823 456 1894 ipsc
472 1813 560 1892 'eligat
579 1823 690 1885 stultus
708 1836 774 1876 esse
791 1832 822 1877 et
838 1821 905 1877 dici.
938 1826 1040 1895 Atque
1059 1825 1175 1881 utinam
1189 1838 1236 1880 uos

201 1929 322 1987 quoque
335 1912 379 1969 sic
390 1911 471 1967 stulti
483 1925 618 1979 essemus
629 1927 698 1964 cum
711 1897 795 1981 ipsis,
806 1919 840 1964 ut
850 1910 954 1971 liceret
965 1912 1099 1983 gloriari:
1115 1913 1239 1977 studim

200 2000 266 2059 Dei
280 2001 456 2075 sapientius
473 2007 519 2063 est
534 2017 632 2075 quam
647 1998 798 2055 borsines.
879 2060 883 2069 ,

230 2107 394 2165 Gaudeo
416 2106 499 2162 valde
520 2103 671 2181 ioannem
693 2104 959 2176 Oecolampadium
979 2107 1115 2165 Basileus
1140 2074 1241 2181 Isajam

149 2252 152 2256 ,
183 2198 350 2272 ¹profiteri,
365 2213 533 2271 quanquam
549 2195 637 2255 audio
654 2195 684 2251 id
698 2195 800 2253 multis
822 2197 988 2269 displicere.
1005 2196 1050 2266 ”)
1077 2199 1135 2255 Sed
1152 2216 1186 2255 aa
1200 2204 1241 2255 est

199 2291 318 2345 tortum
335 2286 511 2343 christianae
528 2284 688 2341 doctrinae.
721 2284 815 2340 Dabit
836 2298 866 2341 et
882 2304 936 2358 per
958 2303 1026 2341 eum
1043 2288 1142 2344 virum
1157 2288 1239 2345 uobis

199 2379 335 2437 Christus
353 2376 458 2448 aliquid
476 2375 551 2443 lucis
569 2392 624 2431 seu
642 2377 852 2430 commentarii·
862 2376 891 2430 in
908 2377 1092 2448 Prophetas,
1118 2378 1147 2433 id
1165 2377 1239 2452 quod

198 2467 248 2522 vel
265 2466 452 2538 cumprimis
471 2465 636 2520 desiderant
653 2474 755 2518 nostra
772 2464 898 2520 saecula.
933 2464 1019 2534 Vale,
1037 2466 1077 2520 mi
1095 2467 1237 2535 Gerbelli,

198 2557 229 2615 in
247 2555 384 2623 Christo,
400 2566 428 2611 et
440 2572 492 2611 ora
508 2571 563 2626 pro
574 2565 732 2625 peccatore
750 2563 779 2609 et
790 2554 880 2610 stulto
892 2554 1039 2611 Luthero.
1073 2556 1172 2614 Saluta
1181 2574 1239 2614 om.

197 2662 252 2703 uea
269 2656 390 2705 nostros
407 2646 437 2700 in
452 2644 600 2702 Domino.
633 2642 874 2713 Witembergae,
895 2661 972 2700 suno
990 2645 1179 2708 MDxxtu.

885 2749 1032 2807 Martinus
1049 2750 1210 2811 Luthema.

227 3140 268 3194 ss.
287 3132 435 3205 acutat.
683 3133 688 3140 ’
901 3129 953 3188 Ni.
971 3129 1206 3192 ccchxvm.

501 3284 555 3354 ltu
576 3282 658 3355 itit.
680 3279 929 3353 strictum.

208 3419 212 3426 ¹
289 3442 442 3498 &sumtum
455 3450 495 3496 tue
508 3438 711 3496 sunauutttteu
724 3439 756 3486 tm
769 3416 916 3492 mittuntut'i
929 3439 965 3485 ιιι
979 3438 1058 3487 etium
1071 3440 1146 3494 tetre.

340 3678 392 3731 ssttt
403 3677 567 3724 Auritaber
579 3675 608 3722 11.
623 3677 667 3723 tm.
691 3674 791 3727 mettid
803 3673 844 3726 itt
857 3671 952 3724 matu
964 3672 1028 3720 XXI.
1040 3675 1089 3722 mi.
1139 3690 1143 3697 ·

243 3917 267 3964 )
290 3911 400 3963 wittud
420 3911 545 3964 stateres
565 3911 622 3961 atet
640 3907 816 3963 ιιιιιιιιιιιιιιιιιι
832 3908 872 3965 m
887 3909 969 3965 iissem
987 3906 1138 4013 muntium
1154 3919 1181 3965 p„
1194 3907 1234 3970 pp

193 3993 277 4042 stass
326 3985 435 4041 *tuot
448 3985 493 4036 ῆι.
505 3993 528 4033 ι.
540 3985 573 4032 w
586 3981 688 4039 Sunius.
712 3980 758 4028 tio.
771 3980 837 4029 Dvl.
