2574 4724
199 326 239 393 ³6
678 332 768 399 1521.

197 500 336 556 peccasse
353 485 400 540 vel
414 502 474 541 non
485 501 644 559 peccasse:
661 488 713 543 aed
725 488 786 542 hoc
797 496 916 555 movet,
934 486 1013 560 quod
1025 486 1162 545 cartana
1175 504 1247 544 nea.

197 584 272 629 tram
288 574 402 643 exegit:
419 575 497 631 aient
511 591 568 630 nec
584 578 751 631 necessario
770 577 953 648 Baptiarnum
971 577 1081 647 exigit,
1106 579 1133 633 ai
1149 578 1248 650 probi.

197 663 266 719 beat
282 680 388 736 nquam
404 675 545 734 tyrannus
561 667 607 721 vel
624 667 749 723 mundus
759 664 797 733 ³).
830 668 878 723 Sic
895 677 1011 739 reparat
1026 668 1124 723 virum
1139 678 1168 723 et
1183 685 1248 723 mu.

195 755 299 809 lierem
325 756 560 825 persecutionum
588 756 748 824 violentia,
780 774 855 829 quoa
880 767 979 813 tamen
1004 758 1090 815 Deua
1117 757 1249 831 separari

196 844 358 916 probibet:
381 862 476 916 neque
500 847 576 900 enim
600 848 785 902 consentiant
808 847 945 919 separari.
980 847 1024 903 tn
1047 864 1105 903 nec
1121 864 1249 904 comen.

196 935 270 990 tiunt
290 935 335 1005 pia
357 936 447 990 corda
468 936 575 1007 privari
593 937 679 990 altera
697 937 813 1007 specie:
839 939 889 1008 qui
914 954 988 993 vero
1005 938 1195 995 consentiunt
1220 946 1248 993 et

196 1024 342 1097 probant,
358 1040 411 1081 eoa
427 1027 569 1097 papiana,
585 1012 646 1082 non
665 1025 848 1082 Christianos
865 1042 952 1095 crae,
973 1037 1003 1082 et
1017 1043 1143 1099 peccare
1151 1065 1164 1099 ,
1179 1028 1246 1101 quia

197 1114 337 1184 negabit?

260 1206 336 1259 Cum
360 1221 431 1275 ergo
453 1223 513 1261 non
530 1206 627 1275 exigat
642 1206 832 1274 necessario,
859 1218 889 1260 et
904 1205 956 1263 hic
971 1217 1073 1278 urgeat
1087 1217 1246 1278 tyrannus:

195 1311 257 1349 non
281 1295 386 1362 video,
411 1295 563 1367 quomodo
588 1306 713 1365 peccent
737 1311 825 1349 unam
849 1296 1035 1366 accipientes.
1068 1296 1146 1371 Quia
1168 1299 1247 1354 enim

194 1400 249 1455 per
264 1383 325 1437 vim
341 1384 450 1438 auferat
465 1384 557 1439 invito
574 1392 719 1455 tyranno?
749 1384 854 1455 Itaque
871 1384 968 1439 adhuc
984 1384 1057 1441 nihil
1073 1394 1175 1455 urget,
1190 1386 1246 1443 nisi

170 1503 172 1507 <
193 1472 285 1537 ratio,
308 1473 357 1543 qni
380 1472 488 1547 dictat,
505 1474 669 1527 institutum
687 1473 797 1528 Christi
814 1491 875 1528 non
891 1474 999 1531 teneri:
1024 1474 1076 1529 aed
1094 1474 1246 1546 Scriptum

193 1560 266 1615 nihil
290 1560 407 1627 delinit,
431 1561 494 1615 aine
518 1578 574 1632 qua
598 1571 757 1631 peccatum
780 1563 968 1632 pronuntiare
993 1578 1055 1619 non
1070 1579 1245 1633 possumus.

193 1649 364 1703 institutum
384 1649 492 1705 Christi
518 1660 581 1717 eat,
603 1650 656 1705 aed
674 1651 797 1705 liberum
814 1653 1012 1722 panniacum,
1040 1668 1099 1708 nec
1114 1654 1245 1709 incarce-

192 1739 249 1793 rari
266 1740 294 1793 in
313 1751 407 1794 toturn
423 1750 473 1794 aut
487 1741 517 1794 in
533 1752 646 1811 partem
664 1752 779 1810 potens.

259 1828 338 1903 Quid
357 1829 435 1884 enim
448 1828 514 1897 liat,
531 1830 556 1884 si
569 1830 717 1899 contingat
733 1830 780 1896 id,
799 1829 880 1902 quod
893 1830 1016 1886 Donato
1034 1830 1154 1903 martyri
1172 1847 1244 1888 con.

191 1918 271 1987 tigit,
298 1931 330 1973 ut
347 1918 438 1973 fracto
455 1929 503 1973 aut
520 1919 613 1973 effuso
632 1920 722 1974 calice
740 1918 826 1990 aliqui
843 1937 903 1975 non
921 1920 1107 1991 participent,
1128 1923 1244 1977 nonsit

191 2007 226 2060 ad
253 2024 372 2061 manum
396 2008 470 2061 aliud
487 2008 606 2074 vinum,
631 2008 759 2062 etmulti
777 2008 887 2062 similes
904 2016 1013 2066 casus?
1051 2009 1088 2064 ln
1108 2025 1242 2078 summa,
1270 2039 1274 2045 ·

190 2098 258 2168 quia
275 2098 423 2168 Scriptura
445 2114 507 2154 non
529 2107 614 2169 urget
637 2097 687 2153 bic
712 2109 867 2169 peccatum
891 2114 977 2166 esre,
1002 2110 1156 2172 peccatum
1180 2117 1242 2157 non

189 2203 301 2245 assero.

255 2277 345 2333 Valde
362 2288 461 2333 autem
478 2278 587 2349 placet,
610 2289 644 2333 ut
661 2279 824 2334 institutum
842 2278 952 2334 Christi
968 2279 1128 2351 integretia.
1160 2276 1242 2335 Nam

189 2364 250 2421 hoc
266 2378 344 2430 erat,
362 2367 443 2436 quod
460 2376 525 2422 ante
542 2369 640 2421 omnia
656 2367 818 2436 cogitabam
835 2367 1003 2435 solicitare,
1028 2368 1105 2424 sind
1120 2384 1177 2424 vos
1193 2364 1243 2425 re.

189 2470 295 2511 veraus
313 2456 444 2509 fuissem.
479 2454 547 2511 Nos
571 2455 649 2509 enim
668 2457 732 2526 iam
749 2455 896 2511 habemur
913 2458 1065 2513 scientiam
1081 2458 1240 2529 tyrannidis

187 2542 296 2612 hujus,
314 2555 344 2598 et
361 2559 518 2614 postumus
536 2545 563 2598 ei
581 2546 732 2611 resistere,
755 2564 791 2600 ne
809 2562 951 2617 cogamur
974 2548 1095 2603 alteram
1110 2548 1242 2621 speciem

189 2634 324 2702 accipere
341 2645 465 2693 tantuin.

190 2774 194 2781 .
254 2722 312 2777 Sed
333 2734 363 2777 et
387 2740 443 2792 ego
460 2725 583 2794 amplius
600 2741 660 2779 non
678 2725 781 2779 faciam
798 2725 918 2779 missam
936 2726 1077 2797 privatam
1101 2725 1131 2783 in
1149 2734 1243 2782 aeter.

187 2829 270 2870 num.
303 2813 442 2868 Obsecro
454 2829 573 2869 oremus
584 2815 761 2881 Dominum,
780 2828 812 2869 ιιι
829 2816 946 2872 festinet
963 2815 1047 2871 nobie
1064 2816 1242 2888 ampliorem

188 2903 322 2975 spiritum
344 2919 432 2958 auum
458 2905 538 2960 dare.
571 2905 710 2975 Suspicor
727 2906 806 2960 enirn
823 2908 905 2972 fore,
936 2919 968 2963 nt
983 2907 1042 2963 cito
1058 2907 1160 2963 visitet
1175 2906 1242 2965 Do.
1277 2954 1282 2959 .

187 2994 284 3049 minua
302 2993 511 3062 Germaniam,
528 2996 602 3048 sicut
619 3005 750 3050 meretur
767 2997 829 3066 ejus
844 2997 1048 3064 incredulitati,
1064 2996 1198 3070 impietas
1214 3005 1242 3052 rt

189 3083 291 3139 odium
311 3078 474 3152 Evangelii.
508 3084 637 3137 Athaco
655 3085 736 3154 plaga
754 3094 816 3138 tum
833 3084 920 3138 nobis
936 3084 1145 3155 imputabitur,
1160 3085 1242 3158 quoa

187 3170 326 3227 haeretici
343 3174 445 3227 Deum
466 3172 748 3243 provocaverimus,
772 3173 941 3244 erimusque
967 3173 1163 3245 opprobrium
1185 3174 1243 3231 lto.

103 3280 110 3293 ·
186 3261 301 3317 minum
319 3273 347 3315 et
363 3262 488 3332 abjectio
507 3260 615 3330 plebia:
645 3261 683 3316 illi
700 3277 772 3315 vero
795 3262 1017 3332 apprehendent
1031 3264 1240 3321 excusationes

188 3351 218 3407 in
235 3351 363 3422 peccatis
380 3353 458 3420 cuia,
476 3363 505 3406 et
516 3349 717 3421 justificabunt
734 3366 829 3405 semet
848 3353 948 3424 ipsos,
964 3364 997 3409 ut
1013 3352 1122 3423 probet
1137 3370 1240 3427 repro.

186 3441 244 3496 boa
262 3458 357 3513 neque
374 3441 503 3497 bonitate
532 3442 686 3512 neque.ira
704 3441 800 3497 bonos
818 3441 898 3497 fieri:
925 3453 955 3498 et
969 3443 1241 3501 scandalisabuntur

187 3532 282 3586 multi.
316 3532 393 3598 Fiat,
412 3530 458 3586 fiat
475 3532 612 3585 voluntas
631 3531 773 3592 Domini.
791 3534 897 3589 Amen.

253 3623 289 3676 Si·
304 3620 410 3690 gratiae
436 3622 617 3691 praedicator
640 3637 689 3686 ea,
714 3623 835 3690 gratiam
851 3639 912 3677 non
930 3621 1030 3677 liciam
1036 3661 1048 3693 ,
1068 3622 1125 3681 aed
1139 3640 1238 3681 veram

186 3712 340 3784 praedica:
358 3711 383 3765 si
400 3727 467 3764 vera
483 3711 572 3780 gratia
589 3718 646 3778 est,
663 3727 779 3775 verum,
797 3728 857 3766 non
874 3709 973 3768 lictum
983 3724 1143 3787 peccatum
1154 3714 1236 3771 rena

185 3803 274 3859 Deus
292 3819 351 3856 non
368 3801 436 3856 iacit
452 3801 551 3855 salvos
570 3800 637 3854 ficte
654 3809 840 3872 peccatores·

234 3987 258 4038 3)
273 3983 412 4036 limitabit
429 3984 548 4067 muitum.
