2574 4724
546 290 634 377 taut.
1057 309 1116 405 tn

10 502 13 533 ;
60 483 123 525 nou
148 464 284 534 creditis,
310 466 364 523 nisi
381 475 522 539 temperet
540 483 628 538 opem
646 482 698 523 sua
714 448 896 531 adsensum
913 475 1064 532 vestrum,
1088 473 1121 521 ut

10 828 15 955 'i

51 558 119 628 jem
137 557 261 611 credere
279 575 338 612 non
357 559 394 612 sit
412 574 499 628 opus.
532 557 618 613 Nihil
635 574 728 629 aeque
744 574 793 611 mc
811 557 933 612 offendit
946 559 975 613 in
986 558 1041 613 ists
1055 557 1119 611 aula

54 659 151 719 atque
175 646 377 713 incredulitas,
403 663 479 717 quae
496 662 552 703 nec
568 646 661 702 credit
677 647 749 716 ista,
766 663 841 719 quse
861 647 952 715 fiunt,
969 648 1035 702 soio
1048 663 1120 702 con.

56 738 129 792 silio
158 737 220 792 Dei
237 741 262 802 ¹)
289 736 366 804 fieri,
392 754 448 790 uec
475 736 597 806 probat,
622 737 678 792 nisi
703 737 771 809 quid
789 737 900 799 nostris
917 736 1031 792 viribus
1048 752 1118 808 spes

55 828 97 881 sit
121 824 342 893 consummari:
369 825 441 879 adeo
459 825 538 880 -nibil
563 827 730 897 profectum
747 835 793 881 est
808 826 951 882 tractenus
969 835 1011 881 tot
1027 842 1119 897 expe.

10 959 12 980 ,
55 916 171 970 rieutiis
190 924 218 967 et
235 915 379 983 exemplis
398 915 444 969 vei
463 915 491 968 in
513 914 573 969 hac
594 929 680 970 causa
704 917 779 970 sota.
813 914 922 971 Scribis
945 917 1119 972 sacerdotes

56 1020 128 1059 esse
155 1003 295 1057 dimissos
321 1003 357 1057 ab
382 1003 455 1069 iilis,
472 1003 501 1063 ⁴)
523 1003 608 1075 quasi
633 1021 692 1060 non
717 1005 754 1059 sit
779 1004 912 1059 dimissio
938 1004 984 1059 iiia
1009 1004 1120 1076 septies

56 1093 229 1158 cruentior,
247 1108 335 1163 quam
347 1092 518 1164 captivitas,
536 1093 648 1146 etiamsi
661 1093 856 1162 occidissent,
873 1093 944 1147 dum
956 1099 1124 1162 coegerunt

56 1185 192 1239 miseros
212 1185 342 1254 pejerare
368 1195 396 1236 et
418 1183 570 1236 veritatem
589 1183 648 1238 Dei
671 1170 827 1254 uianegare.
862 1183 979 1239 Scilicet
996 1183 1014 1238 ii
1031 1194 1119 1250 suut,

57 1290 140 1345 quos
159 1272 195 1326 ad
213 1271 322 1326 bonam
346 1272 463 1340 frugem
487 1267 609 1326 rediisse
629 1273 745 1340 jactes,
769 1282 797 1329 et
813 1272 851 1328 ab
867 1273 901 1328 iie
917 1282 1075 1344 expectes,
1091 1271 1120 1339 ²)

56 1373 92 1418 ut
110 1378 153 1417 cx
172 1361 270 1416 auimo
289 1359 486 1430 evangelisem
503 1360 671 1432 aliquando.v

127 1474 291 1542 Obsecro,
315 1473 339 1527 si
356 1476 462 1527 veritas
485 1482 548 1538 est,
572 1471 662 1527 istum
679 1471 855 1528 caelibatum
878 1483 908 1528 et
932 1475 1119 1533 monasticen

59 1560 204 1620 divinitus
220 1564 369 1628 damnari,
387 1564 471 1618 sicuti
491 1580 550 1617 nou
568 1574 614 1618 est
631 1563 770 1622 dubiuma
786 1579 840 1618 cur
851 1580 909 1619 non
924 1564 1009 1620 liceat
1021 1565 1118 1620 divers

60 1674 129 1711 sum
147 1665 263 1711 tentare
281 1664 310 1708 et
326 1655 428 1725 sequi?
463 1655 510 1706 Au
537 1664 676 1726 perpetuo
702 1654 739 1708 de
763 1652 864 1708 verbis
887 1655 947 1708 Dei
970 1655 1119 1726 disputan.

60 1747 134 1800 dum
153 1743 252 1799 solum
270 1753 330 1810 est,
348 1753 378 1796 et
395 1757 485 1813 opere
502 1758 620 1812 semper
637 1741 865 1798 abstinendum?
891 1741 947 1798 Sed
966 1743 1035 1815 quid
1053 1760 1120 1799 sur.

58 1837 100 1889 do
118 1833 239 1890 fabuia?
274 1832 348 1887 Non
365 1832 442 1886 euim
459 1832 554 1885 credit
570 1846 676 1885 sensus
700 1841 767 1886 tuus
790 1832 901 1886 aulicus
924 1833 1033 1900 nimio,
1059 1833 1121 1890 hoo

59 1937 108 1980 est
125 1934 158 1979 et
172 1923 290 1992 sapiens
306 1932 336 1977 et
357 1923 463 1975 timeus
481 1921 583 1975 nimio.
617 1920 683 1990 Ego
710 1921 830 1976 credam
856 1921 1024 1993 Episcopos
1048 1939 1121 1979 coa.

59 2016 238 2071 ciouaturos
258 2011 467 2079 Evuagoiium,
484 2011 508 2065 si
523 2011 625 2064 videro
643 2027 697 2066 eos
709 2010 816 2066 relictis
829 2012 891 2067 suis
903 2012 1121 2083 episcopatibus
1173 2039 1177 2046 ·

60 2105 123 2161 soa
154 2101 248 2156 verbo
274 2116 340 2155 sese
364 2099 487 2164 dedere,
513 2116 569 2152 nec
593 2109 658 2152 unte
684 2098 812 2154 credam·
849 2097 970 2154 Interim
997 2101 1120 2157 Satanae

59 2191 190 2248 consilia
207 2187 233 2258 ³)
250 2187 478 2260 blasphemantis
502 2186 565 2240 hoc
589 2186 782 2242 ministerium
806 2188 948 2257 sacrilego
969 2189 1039 2244 suco
1056 2206 1119 2246 nou
1148 2253 1150 2257 ,

60 2293 210 2337 manuam.
242 2278 337 2333 Video
353 2279 470 2330 tandem
489 2277 611 2331 consiliu
636 2275 792 2331 hominum
814 2278 1030 2349 perrumpenda
1053 2270 1120 2335 esse

63 2373 96 2426 in
112 2371 173 2425 hac
195 2386 298 2434 causa,
324 2368 428 2438 quibus
453 2366 595 2420 hactenus
617 2367 697 2420 varie
721 2366 878 2436 impeditus
903 2383 988 2435 sum,
1013 2368 1121 2425 frustra

61 2459 238 2516 timentibus
256 2459 368 2512 ruinam
383 2455 546 2509 coelorum.
581 2454 608 2508 Si
621 2455 689 2510 nihii
703 2455 778 2510 siiud
791 2456 937 2525 agendum
950 2450 1015 2526 es‘t,
1031 2472 1121 2532 quam

62 2552 211 2607 hactenus
230 2549 359 2617 egimus,
379 2544 449 2599 nihii
467 2533 541 2599 aliud
559 2562 678 2616 quoque
697 2545 816 2600 doctum
834 2547 973 2617 oportuit.

134 2664 228 2718 Mitto
246 2672 275 2718 ct
293 2660 530 2714 exhortationem
549 2658 809 2727 vernaculam,”)
828 2677 917 2730 quam
930 2662 1017 2717 velim
1028 2680 1121 2734 quan.-

64 2755 167 2808 tocius
191 2752 251 2818 edi,
277 2751 305 2802 iu
329 2764 489 2801 occursum
514 2748 629 2799 rudium
648 2747 764 2800 iliorum
783 2759 813 2801 et
829 2750 1010 2804 insulsorum
1029 2738 1120 2807 nostri

64 2842 197 2899 nominis
217 2841 404 2908 jactaturum.
441 2838 495 2891 iiic
519 2837 673 2907 quaternio
692 2836 729 2891 G.
749 2838 776 2890 iu
801 2837 949 2893 Methodo
967 2840 1025 2905 sss)
1049 2842 1121 2902 Phi.

64 2933 139 3003 lippi
157 2929 328 3000 superfluit,
357 2928 460 2979 desunt
483 2937 579 2978 atatem
598 2926 626 2978 iu
646 2926 701 2978 fine
718 2936 779 2988 tros
797 2931 1003 2998 quaterniones
1020 2933 1121 2986 novis.

66 3021 138 3076 simi
156 3021 196 3092 Q.
215 3020 250 3072 R.
269 3020 315 3082 S.,
341 3031 416 3086 quos
433 3014 594 3083 complebis
620 3015 648 3067 in
672 3027 813 3084 tompore·
849 3016 1000 3071 Graecum
1017 3017 1122 3072 Testa.

66 3120 205 3166 mentum
223 3107 360 3175 Philippo
378 3105 502 3166 reddes,
527 3121 559 3155 ac
576 3104 639 3156 vale
657 3121 725 3156 cum
744 3108 901 3173 romania,
927 3124 1016 3177 quam
1035 3108 1122 3163 Chri.

67 3213 137 3256 stus
153 3197 307 3268 aliqnando
325 3196 426 3248 reddat
445 3192 561 3247 fidelem
579 3191 633 3244 fide
652 3190 816 3266 ἀνυποκρίτῳ.
848 3197 957 3250 Amen.

719 3325 721 3329 ’
748 3320 785 3377 Τ.
803 3321 949 3378 Martinus
966 3324 1088 3382 Luther.

121 3599 142 3648 t)
157 3592 249 3638 Auris.
264 3591 385 3648 fritierpaft
400 3590 436 3635 de.
462 3589 484 3642 2)
499 3587 570 3638 diluit.
582 3589 824 3644 jactas-expectas.
851 3590 873 3642 3)
888 3588 985 3634 Auris.
1001 3590 1096 3646 consili.

120 3752 144 3794 *t
160 3750 224 3796 aium
238 3747 367 3798 ortanam·
377 3754 422 3792 usa
436 3744 520 3796 simun
534 3743 580 3790 una
593 3743 663 3794 arista
675 3741 802 3792 aurnum,
821 3744 878 3797 mot.
887 3745 927 3789 arn
938 3744 982 3791 ist.
993 3755 1023 3792 art
1034 3739 1118 3803 capito

67 3836 91 3876 u.
107 3824 260 3876 tusculi·

122 3902 159 3946 υ)
175 3897 207 3944 Ε,
221 3897 240 3939 o.
254 3903 304 3939 aot.
318 3893 362 3941 ist.
376 3893 422 3938 utta
436 3892 470 3936 tie
484 3891 552 3936 tium.

121 3975 174 4020 w)
194 3970 227 4018 a).
241 3968 262 4017 in
277 3971 317 4013 acu
332 3965 393 4019 logis
409 3961 561 4016 tltsutoguis
