2574 4724
195 270 303 365 ato-'²
616 288 624 305 ‘
671 303 760 372 1⁵22„
785 309 807 315 '·

193 456 361 529 displiceat,⁸
377 459 404 514 si
415 474 470 530 per
479 458 633 514 homiuem
645 460 804 532 loquatur?
824 458 934 516 Nonne
945 458 1039 517 homo
1050 461 1107 518 esi
1128 454 1244 518 Nonne

194 549 305 604 Christi
322 551 376 604 es?
407 547 517 604 Nonne
535 565 642 605 sensus
660 551 725 620 ejus
744 549 773 604 in
796 561 826 605 te
851 553 917 607 est?
952 550 1042 626 Quod
1067 551 1093 606 si
1119 559 1154 609 tu
1179 551 1244 624 ipse

193 637 324 709 politiori
341 637 474 692 oratione
493 649 522 693 et
539 638 709 710 copiosiore
721 639 884 694 eruditione
895 639 1028 695 libellum
1038 639 1121 694 hunc
1132 657 1242 697 ornare

192 737 223 782 et
239 743 345 797 augere
361 726 464 795 voles,
489 738 604 796 gratum
627 728 695 783 erit:
721 728 839 783 iuterim
863 729 949 784 etiarn
964 729 1056 785 invito
1076 741 1106 785 te
1124 740 1243 800 granam

193 817 265 885 erit,
288 816 453 888 nospotiri
478 813 567 871 rebus
589 826 619 872 et
640 815 777 872 sensibus
793 817 895 884 Pauli,
919 827 970 873 tuo
988 818 1151 874 ministerio
1171 838 1244 892 pro.
1268 893 1270 897 Ι

191 907 299 962 ductis.
333 907 455 961 Veniam
472 924 532 961 non
549 915 637 978 peto,
654 906 680 961 si
696 917 724 960 re
741 904 802 961 boo
818 909 896 962 facto
914 909 1046 964 offendo:
1069 908 1123 964 sed
1140 922 1173 964 tu
1191 912 1243 966 de.

192 995 256 1050 sine
274 995 398 1065 offendi,
423 1010 484 1065 quo
501 1010 558 1050 nos
575 994 675 1064 potius
692 995 835 1062 offendis,
859 1005 888 1050 et
903 996 988 1050 venia
1006 1013 1082 1068 opus
1101 998 1241 1056 habebis.

190 1083 343 1139 Dominus
356 1095 451 1137 autem
462 1091 563 1151 augeat
573 1091 603 1136 et
612 1093 712 1137 servet
724 1091 751 1137 te
764 1084 792 1139 in
809 1070 969 1140 aeternnm.
998 1085 1222 1158 Witembergae
1229 1131 1240 1161 ,

193 1177 234 1236 294
249 1174 337 1242 dolii,
355 1189 432 1228 auno
447 1170 620 1228 MDxxu.
638 1225 640 1228 .

253 1308 257 1316 ·
770 1277 858 1336 Tuus
878 1278 1027 1337 Martinus
1043 1279 1209 1339 Lutberue.

222 1713 247 1767 a.
266 1702 397 1780 ruant.
927 1705 985 1764 no.
1005 1704 1206 1766 ccccxxv.

364 1982 367 1989 .
406 1847 428 1923 f
502 1878 655 1954 itastis.
677 1877 912 1962 bootuooa.

238 2064 268 2124 ξ).
281 2065 345 2118 tottr
358 2063 508 2118 attonitam
526 2061 568 2124 toi
586 2062 612 2110 ta
629 2058 732 2118 autrico
750 2063 787 2109 ott
799 2015 954 2133 {baltildis
967 2066 1076 2111 erotem
1088 2067 1178 2117 umber
1195 2076 1236 2113 uu

189 2141 225 2188 ete
241 2139 379 2193 structura
397 2147 424 2189 ut
441 2135 574 2187 omtdttn
599 2138 622 2186 e.
636 2137 699 2186 utor
718 2135 761 2190 ott
779 2145 803 2183 et
821 2135 860 2188 td
878 2136 960 2188 eleseu
972 2140 1082 2191 ornetur
1097 2138 1235 2199 utuntur

189 2215 236 2261 uuo
249 2213 291 2260 oea
303 2210 457 2266 metootlnot
467 2210 566 2264 intutu
580 2208 619 2262 to
633 2209 678 2258 out
690 2210 728 2259 ou
740 2208 834 2260 moult
845 2218 871 2263 ιιι
884 2211 1050 2266 notatores,

322 2495 676 2564 annuuntiabant.
699 2507 1094 2562 osortoonmuoxmoe.
1132 2482 1135 2488 ’
1231 2478 1238 2489 ’

191 2648 305 2747 Gratia
322 2703 351 2746 et
366 2675 426 2763 pax
442 2709 457 2745 a
473 2692 555 2749 Deo.
590 2691 693 2763 Opto,
710 2691 751 2746 mi
767 2691 911 2758 Nimiae,
938 2692 963 2747 si
982 2692 1043 2748 lieri
1061 2704 1184 2765 posset,
1203 2704 1236 2752 ut

190 2793 348 2839 venturum
366 2782 533 2852 episcopale
551 2780 663 2835 idolum
685 2794 741 2835 vos
763 2782 863 2852 potius
883 2782 919 2835 de
936 2782 992 2837 fide
1010 2785 1234 2854 examinaretis,

191 2889 260 2927 curn
278 2872 338 2927 sint
352 2856 397 2925 bia
414 2871 497 2942 pueri
521 2871 550 2926 in
574 2869 628 2924 lide
653 2879 682 2925 et
704 2870 824 2925 scientia
842 2870 951 2927 Christi
970 2872 1104 2928 infelices
1122 2875 1163 2929 illi
1179 2876 1236 2931 ho.

190 2965 296 3020 mines.
329 2962 409 3017 Nam
426 2960 493 3015 Coc
510 2960 668 3014 ludibrium
686 2969 715 3014 et
734 2959 920 3014 mendacium
937 2963 1111 3017 sacramenti
1129 2965 1236 3020 coulir.

190 3054 327 3110 matiouis
339 3052 447 3106 vellem
459 3051 488 3105 in
500 3059 596 3104 totum
610 3050 719 3121 populo
732 3050 909 3119 dissuaderi,
928 3052 1128 3122 scriptumest
1141 3055 1240 3119 enims,

174 3210 179 3215 .
181 3145 334 3217 fecerunt
347 3139 500 3214 populum
517 3156 619 3195 meum
627 3139 735 3206 fidere
751 3139 934 3195 mendaciis.
967 3141 1092 3212 Dicant,
1109 3131 1241 3216 ιιιιιοεο,Ι

191 3237 241 3290 ubi
258 3235 316 3289 sint
334 3233 398 3287 illae
420 3229 635 3302 promissiones
653 3229 758 3298 gratiae
775 3238 805 3282 et
822 3229 1003 3286 characteris
1024 3232 1053 3285 in
1075 3233 1236 3304 Scripturis

191 3324 343 3398 proditae,
371 3337 444 3393 quas
472 3319 627 3388 sacrilegus
653 3318 820 3389 Episcopus
845 3318 902 3374 bac
927 3321 1068 3375 scelerata
1092 3325 1239 3382 schedula

188 3414 302 3486 jactat?
336 3411 364 3466 Si
380 3426 441 3464 nou
459 3417 528 3464 sunt
544 3406 692 3479 proditae,
718 3406 788 3478 quid
811 3416 872 3475 est,
898 3417 934 3461 ut>
946 3411 1088 3481 populum
1104 3413 1236 3472 sinamus

190 3499 382 3559 mendacibus
391 3495 639 3570 promissionibus
650 3493 784 3573 lictisque
796 3493 1014 3552 characteribus
1022 3498 1119 3558 illudi?
1132 3503 1237 3561 Tuum

192 3602 274 3648 certe
292 3590 347 3645 erit
363 3587 548 3659 Episcopum
564 3595 719 3641 venturam
736 3578 825 3655 'super
840 3585 888 3640 his
905 3586 995 3642 rebus
1011 3592 1190 3662 convenire,
1207 3606 1238 3651 et

193 3685 219 3738 ei
236 3686 265 3738 in
282 3679 389 3734 faciem
406 3678 564 3742 resistere,
581 3691 636 3747 pro
647 3674 759 3745 populo
772 3675 899 3744 Christi,
916 3677 994 3732 sicut
1007 3677 1114 3736 Paulus
1128 3685 1238 3743 rostitit

192 3773 296 3838 Petro,
314 3778 342 3824 et
358 3767 527 3838 postulare,
545 3776 575 3818 ut
593 3763 750 3835 Scripturis
768 3764 892 3835 probel,
911 3783 985 3837 quae
998 3778 1096 3826 tentat.
1131 3773 1159 3827 Si
1174 3775 1239 3839 hoc,

153 3925 155 3928 y
193 3880 254 3917 non
270 3859 348 3914 valet
365 3866 489 3911 autnon
508 3853 633 3925 poterit,
661 3862 758 3906 tamen
776 3854 918 3924 populum
934 3857 1089 3925 monebis,
1114 3878 1152 3917 ue
1169 3865 1238 3921 lidat

144 3935 148 3950 ⁸
195 3953 224 4007 in
241 3943 468 4020 coalimrationis
485 3942 569 4018 istius
584 3940 707 3999 ludicra.
740 3938 807 4011 Ego
831 3958 905 3999 mox
918 3955 980 4027 ,3¹²³
997 3947 1059 4015 visa
1082 3949 1237 4022 schedula,
