2574 4724
175 271 247 413 esa
662 318 751 387 1522.

162 515 163 518 η
185 476 265 532 sicut
282 477 426 532 hactenus
444 477 625 543 factumest,
644 486 673 530 et
692 474 731 530 fit.
766 474 876 547 Sponte
897 491 949 531 sua
963 475 1161 542 caderentssi
1179 492 1232 547 po.

184 566 272 636 putus
292 566 441 621 institutus
459 565 569 633 sciret,
596 581 645 620 eas
663 568 687 629 ¹)
706 565 778 619 nihil
803 581 871 619 esse
890 582 991 619 coram
1010 565 1090 618 Deo.
1124 563 1172 618 Sic
1190 565 1232 617 le.

183 671 236 723 ges
265 655 362 726 Papae
387 656 423 708 de
449 654 659 722 confessione,
685 655 912 722 communione,
941 654 1091 721 oratione,
1115 653 1232 722 jejunio

184 744 309 811 damno,
328 744 380 798 sed
398 744 507 811 verbo,
528 752 560 797 ut
577 743 777 796 conscientias
795 743 830 795 ab
848 743 891 796 eis
908 743 1041 797 liberem.
1076 740 1162 814 Quae
1179 742 1234 795 ubi

183 832 322 887 liberatae
339 832 464 900 fuerint,
480 832 597 902 possint
609 832 725 886 tandem
737 831 794 886 illis
812 832 854 885 uti
867 841 989 903 propter
1000 829 1130 885 intimos
1144 832 1231 896 aiios,

183 922 233 992 qui
252 923 348 975 adhuc
366 933 435 976 sunt
452 922 509 975 illis
527 921 669 988 involuti,
695 930 760 975 tum
780 938 841 974 non
857 921 919 988 uti,
942 921 994 975 ubi
1013 918 1086 974 firmi
1105 921 1229 974 fuerint:

183 1020 217 1065 ut
234 1012 279 1067 sic
297 1011 424 1066 charitas
443 1019 545 1079 regnet
561 1011 591 1064 in
609 1010 644 1064 iis
664 1010 794 1064 extemis
812 1011 955 1082 operibus
972 1020 1001 1065 et
1017 1010 1141 1080 legibus.

249 1128 290 1180 At
306 1142 384 1180 nunc
402 1141 490 1180 nemo
513 1124 587 1178 mihi
608 1125 765 1179 molestior
782 1135 844 1193 est,
869 1142 957 1196 quam
974 1126 1035 1179 hoc
1053 1126 1157 1193 vulgus
1176 1144 1230 1180 no.

183 1225 296 1282 strum,
321 1213 400 1285 quod
410 1253 419 1281 ,
438 1213 551 1266 relictis
569 1212 681 1280 verbo,
700 1211 773 1280 fide,
801 1222 830 1267 et
848 1213 986 1280 caritate,
1005 1214 1103 1267 solum
1120 1214 1149 1267 in
1167 1215 1227 1268 hoc

179 1304 340 1374 gloriatur,
358 1319 393 1358 se
411 1300 612 1356 Christianum
630 1317 713 1369 esse,
744 1302 824 1372 quod
841 1317 944 1355 coram
961 1301 1083 1356 infinitis
1102 1320 1227 1371 carnes,

180 1408 254 1461 ova,
272 1393 317 1446 lac
333 1391 361 1458 2)
379 1392 557 1459 comedere,
584 1400 708 1460 utraque
727 1390 828 1460 specie
845 1389 906 1456 uti,
923 1406 984 1444 non
1000 1391 1149 1458 jejunare,
1166 1410 1227 1445 non

178 1500 265 1537 orare
282 1482 389 1552 possit.
423 1479 487 1534 Hac
503 1481 596 1533 sonna
614 1479 740 1533 docendi
764 1495 838 1546 rogo
857 1486 886 1533 et
912 1488 944 1532 tu
961 1479 1090 1533 incedas.
1126 1480 1227 1535 Verbo

180 1573 299 1648 quidem
318 1571 415 1625 omnia
432 1579 501 1624 sunt
518 1570 680 1638 arguenda,
697 1569 749 1622 sed
767 1569 857 1643 corda
873 1569 1029 1640 paulatim,
1048 1586 1104 1622 ceu
1121 1587 1226 1636 greges

178 1659 296 1728 Jacob,
322 1670 389 1713 sunt
402 1659 550 1729 juvanda,
567 1655 592 1718 ³)
616 1668 648 1710 ut
673 1665 778 1728 sponte
802 1655 927 1712 verbum
945 1658 1027 1728 prius
1045 1659 1176 1728 capiant,
1197 1670 1225 1712 et

178 1750 310 1806 roborati
336 1749 453 1803 tandem
471 1747 576 1800 faciant
604 1746 712 1800 omnia.
746 1746 803 1800 Sed
827 1738 981 1817 superflue
1002 1748 1125 1801 fortasse
1149 1749 1224 1802 haec

176 1838 248 1893 tibi:
266 1849 363 1892 tamen
382 1835 511 1890 officium
529 1835 656 1888 charitas
675 1833 790 1888 solicita
806 1836 955 1889 monebat.
972 1827 1000 1899 ⁴)
1034 1836 1084 1891 Tu
1100 1836 1176 1890 bene
1195 1838 1224 1890 in

177 1928 299 1983 Christo
317 1927 398 1994 vale,
429 1934 458 1979 et
474 1923 669 1992 Evangeiium
687 1923 759 1992 juva
786 1924 968 1980 orationibus
993 1925 1061 1981 tuis.
1096 1925 1225 1982 Witten.

175 2016 258 2088 berg.
277 2019 332 2073 fer.
348 2019 374 2070 2.
392 2024 461 2087 post
477 2013 644 2069 Reminisc.
659 2011 834 2082 Mnxxn,

730 2127 737 2140 '
805 2125 845 2180 T.
862 2124 1011 2183 Martinus
1029 2127 1189 2184 Lutherus.

118 2441 130 2451 '
211 2460 252 2519 n.
269 2459 372 2531 nari.
897 2451 949 2509 Ns.
968 2453 1188 2512 ccccxviii.

250 2610 299 2678 tta
321 2604 533 2688 dotianus
555 2605 700 2677 etsta,
722 2549 919 2685 pittantia
941 2603 973 2672 tn
995 2604 1140 2674 Quintis.

208 2765 261 2817 M
274 2764 444 2814 momentana
458 2763 522 2810 etnar
533 2761 621 2809 ttatasa
635 2761 769 2813 &ttttdntt
782 2760 867 2815 tntttt
881 2761 978 2812 tutasti
991 2761 1034 2816 tat
1043 2763 1145 2811 sittdnet
1154 2752 1221 2813 ent.

178 2839 210 2891 tat
223 2837 277 2888 aad
291 2836 412 2886 ntaiatfeto
426 2835 518 2886 benitas
531 2837 623 2881 notant
635 2834 686 2886 saa»
703 2835 750 2882 ant
762 2832 805 2887 tat
817 2832 974 2892 ottonianus
986 2844 1017 2881 na
1030 2836 1067 2882 tn
1080 2836 1221 2888 acutiano

178 2910 248 2962 ttada
260 2911 286 2958 tn
300 2909 409 2970 etttttna
423 2908 449 2954 tn
462 2908 541 2960 &antu
554 2908 648 2953 attan.

629 3043 760 3057 tu·—

267 3143 336 3198 ,ἕω
349 3143 388 3189 ott
399 3142 540 3193 atattttdca
553 3141 700 3194 &innatans
712 3146 739 3190 tn
751 3137 862 3198 ΜΝ
881 3138 922 3193 tea
933 3137 1044 3198 &dtas
1055 3140 1083 3187 11.
1096 3143 1131 3190 at.

319 3274 363 3330 D.
385 3272 586 3348 Wolsqanqo
602 3272 706 3340 Stein,
723 3270 950 3345 Evanqelistae
966 3271 1079 3329 aulico.

180 3424 234 3515 G·
254 3477 282 3523 et
296 3467 336 3523 P.
369 3467 516 3522 Mittenda
539 3467 593 3520 suit
617 3482 713 3536 nuper
734 3464 859 3536 pecunia
876 3464 1004 3534 Cyroldo
1020 3465 1145 3519 elenensi
1164 3438 1221 3536 pro

179 3560 267 3626 vino,
284 3559 325 3612 mi
336 3558 528 3627 Wolfgange:
546 3555 599 3608 sed
614 3554 662 3609 bis
680 3554 784 3635 fefellit
801 3555 986 3624 exspectatio
1000 3557 1105 3609 nuntii.
1130 3556 1220 3610 Nunc

181 3666 246 3703 eam
263 3650 345 3703 affert
361 3662 466 3702 secum
482 3647 583 3700 Anton
599 3643 707 3699 Musa:
734 3652 766 3697 tu
784 3643 901 3698 curabis
917 3643 998 3698 reddi
1014 3646 1135 3699 domino
1153 3661 1219 3700 suo.

229 3895 249 3943 t)
265 3891 324 3943 &da
338 3903 397 3944 nos,
411 3892 510 3946 offendat
523 3890 598 3945 tatsd.
646 3893 669 3942 2)
683 3890 744 3944 ed.
755 3918 783 3930 -
793 3892 837 3938 lac.
886 3895 910 3942 3)
924 3892 984 3944 ed.
998 3895 1116 3940 mutanda

228 3968 251 4017 t)
265 3966 359 4037 Antis.
379 3965 493 4013 monebit.
