<?xml version="1.0" encoding="UTF-8"?>
<!DOCTYPE html PUBLIC "-//W3C//DTD XHTML 1.0 Transitional//EN"
    "http://www.w3.org/TR/xhtml1/DTD/xhtml1-transitional.dtd">
<html xmlns="http://www.w3.org/1999/xhtml" xml:lang="en" lang="en">
 <head>
  <title>
</title>
<meta http-equiv="Content-Type" content="text/html;charset=utf-8" />
  <meta name='ocr-system' content='tesseract 3.04.00' />
  <meta name='ocr-capabilities' content='ocr_page ocr_carea ocr_par ocr_line ocrx_word'/>
</head>
<body>
  <div class='ocr_page' id='page_1' title='image "./briefesendschre03luthgoog/briefesendschre03luthgoog_0038.png"; bbox 0 0 2574 4724; ppageno 0'>
   <div class='ocr_carea' id='block_1_1' title="bbox 611 318 1180 389">
    <p class='ocr_par' dir='ltr' id='par_1_1' title="bbox 611 318 1180 389">
     <span class='ocr_line' id='line_1_1' title="bbox 611 318 1180 389; baseline -0.021 -8"><span class='ocrx_word' id='word_1_1' title='bbox 611 318 702 381; x_wconf 78' lang='lat'><strong>1521.</strong></span> <span class='ocrx_word' id='word_1_2' title='bbox 1141 322 1180 389; x_wconf 72' lang='lat' dir='ltr'><strong>tp</strong></span> 
     </span>
    </p>
   </div>
   <div class='ocr_carea' id='block_1_2' title="bbox 115 468 1191 3680">
    <p class='ocr_par' dir='ltr' id='par_1_2' title="bbox 116 468 1191 633">
     <span class='ocr_line' id='line_1_2' title="bbox 116 468 1191 547; baseline 0.003 -19"><span class='ocrx_word' id='word_1_3' title='bbox 116 472 161 540; x_wconf 77' lang='lat' dir='ltr'><strong>(si</strong></span> <span class='ocrx_word' id='word_1_4' title='bbox 174 468 365 528; x_wconf 67' lang='lat' dir='ltr'><strong>sanctissimis</strong></span> <span class='ocrx_word' id='word_1_5' title='bbox 384 470 534 528; x_wconf 85' lang='lat' dir='ltr'><strong>bullarum</strong></span> <span class='ocrx_word' id='word_1_6' title='bbox 551 471 739 546; x_wconf 75' lang='lat' dir='ltr'><strong>pontificibus</strong></span> <span class='ocrx_word' id='word_1_7' title='bbox 758 473 919 543; x_wconf 78' lang='lat' dir='ltr'><strong>credimus)</strong></span> <span class='ocrx_word' id='word_1_8' title='bbox 936 485 1060 547; x_wconf 83' lang='lat' dir='ltr'><strong>peccare</strong></span> <span class='ocrx_word' id='word_1_9' title='bbox 1077 475 1191 532; x_wconf 86' lang='lat' dir='ltr'><strong>liceret·</strong></span> 
     </span>
     <span class='ocr_line' id='line_1_3' title="bbox 116 562 423 633; baseline -0.003 -16"><span class='ocrx_word' id='word_1_10' title='bbox 116 562 153 618; x_wconf 90' lang='lat' dir='ltr'><strong>in</strong></span> <span class='ocrx_word' id='word_1_11' title='bbox 170 574 298 617; x_wconf 82' lang='lat' dir='ltr'><strong>mortem</strong></span> <span class='ocrx_word' id='word_1_12' title='bbox 313 578 423 633; x_wconf 84' lang='lat' dir='ltr'><strong>osque.</strong></span> 
     </span>
    </p>

    <p class='ocr_par' dir='ltr' id='par_1_3' title="bbox 115 652 1184 2147">
     <span class='ocr_line' id='line_1_4' title="bbox 191 652 1179 726; baseline 0.003 -18"><span class='ocrx_word' id='word_1_13' title='bbox 191 652 305 708; x_wconf 78' lang='lat' dir='ltr'><strong>Vereor</strong></span> <span class='ocrx_word' id='word_1_14' title='bbox 319 665 435 718; x_wconf 80' lang='lat' dir='ltr'><strong>atatem,</strong></span> <span class='ocrx_word' id='word_1_15' title='bbox 452 669 491 708; x_wconf 91' lang='lat' dir='ltr'><strong>ne</strong></span> <span class='ocrx_word' id='word_1_16' title='bbox 508 653 578 706; x_wconf 76' lang='lat' dir='ltr'><strong>ditm</strong></span> <span class='ocrx_word' id='word_1_17' title='bbox 596 653 632 707; x_wconf 91' lang='lat' dir='ltr'><strong>‹le</strong></span> <span class='ocrx_word' id='word_1_18' title='bbox 650 654 736 726; x_wconf 73' lang='lat' dir='ltr'><strong>gratia</strong></span> <span class='ocrx_word' id='word_1_19' title='bbox 754 663 782 707; x_wconf 90' lang='lat' dir='ltr'><strong>et</strong></span> <span class='ocrx_word' id='word_1_20' title='bbox 798 653 936 725; x_wconf 87' lang='lat' dir='ltr'><strong>operibus</strong></span> <span class='ocrx_word' id='word_1_21' title='bbox 960 655 1047 709; x_wconf 87' lang='lat' dir='ltr'><strong>bonis</strong></span> <span class='ocrx_word' id='word_1_22' title='bbox 1065 655 1179 711; x_wconf 76' lang='lat' dir='ltr'><strong>sortiter</strong></span> 
     </span>
     <span class='ocr_line' id='line_1_5' title="bbox 119 742 1178 816; baseline 0.007 -21"><span class='ocrx_word' id='word_1_23' title='bbox 119 756 307 812; x_wconf 77' lang='lat' dir='ltr'><strong>pugnamus,</strong></span> <span class='ocrx_word' id='word_1_24' title='bbox 331 743 449 798; x_wconf 87' lang='lat' dir='ltr'><strong>interim</strong></span> <span class='ocrx_word' id='word_1_25' title='bbox 472 753 501 798; x_wconf 88' lang='lat' dir='ltr'><strong>et</strong></span> <span class='ocrx_word' id='word_1_26' title='bbox 524 742 614 811; x_wconf 78' lang='lat' dir='ltr'><strong>gratia</strong></span> <span class='ocrx_word' id='word_1_27' title='bbox 638 754 667 798; x_wconf 88' lang='lat' dir='ltr'><strong>ct</strong></span> <span class='ocrx_word' id='word_1_28' title='bbox 682 744 823 813; x_wconf 85' lang='lat' dir='ltr'><strong>operibus</strong></span> <span class='ocrx_word' id='word_1_29' title='bbox 846 760 901 798; x_wconf 84' lang='lat' dir='ltr'><strong>nos</strong></span> <span class='ocrx_word' id='word_1_30' title='bbox 919 744 999 816; x_wconf 86' lang='lat' dir='ltr'><strong>ipsos</strong></span> <span class='ocrx_word' id='word_1_31' title='bbox 1017 747 1178 816; x_wconf 84' lang='lat' dir='ltr'><strong>privemus.-</strong></span> 
     </span>
     <span class='ocr_line' id='line_1_6' title="bbox 116 830 1177 905; baseline 0.003 -18"><span class='ocrx_word' id='word_1_32' title='bbox 116 831 185 902; x_wconf 76' lang='lat' dir='ltr'><strong>Ego</strong></span> <span class='ocrx_word' id='word_1_33' title='bbox 201 833 326 905; x_wconf 84' lang='lat' dir='ltr'><strong>quidem</strong></span> <span class='ocrx_word' id='word_1_34' title='bbox 342 833 462 888; x_wconf 75' lang='lat' dir='ltr'><strong>intuitus</strong></span> <span class='ocrx_word' id='word_1_35' title='bbox 479 830 505 902; x_wconf 87' lang='lat'><strong>¹)</strong></span> <span class='ocrx_word' id='word_1_36' title='bbox 529 832 677 888; x_wconf 80' lang='lat' dir='ltr'><strong>horrenda</strong></span> <span class='ocrx_word' id='word_1_37' title='bbox 695 834 748 888; x_wconf 84' lang='lat' dir='ltr'><strong>ista</strong></span> <span class='ocrx_word' id='word_1_38' title='bbox 766 835 826 888; x_wconf 90' lang='lat' dir='ltr'><strong>irae</strong></span> <span class='ocrx_word' id='word_1_39' title='bbox 844 844 999 904; x_wconf 86' lang='lat' dir='ltr'><strong>tempora,</strong></span> <span class='ocrx_word' id='word_1_40' title='bbox 1022 835 1097 890; x_wconf 87' lang='lat' dir='ltr'><strong>aliud</strong></span> <span class='ocrx_word' id='word_1_41' title='bbox 1115 853 1177 891; x_wconf 88' lang='lat' dir='ltr'><strong>non</strong></span> 
     </span>
     <span class='ocr_line' id='line_1_7' title="bbox 115 923 1177 996; baseline 0.002 -20"><span class='ocrx_word' id='word_1_42' title='bbox 115 935 208 993; x_wconf 87' lang='lat' dir='ltr'><strong>peto,</strong></span> <span class='ocrx_word' id='word_1_43' title='bbox 224 937 317 995; x_wconf 83' lang='lat' dir='ltr'><strong>quarn</strong></span> <span class='ocrx_word' id='word_1_44' title='bbox 334 932 367 978; x_wconf 91' lang='lat' dir='ltr'><strong>ut</strong></span> <span class='ocrx_word' id='word_1_45' title='bbox 382 923 487 977; x_wconf 89' lang='lat' dir='ltr'><strong>dentur</strong></span> <span class='ocrx_word' id='word_1_46' title='bbox 502 925 598 978; x_wconf 80' lang='lat' dir='ltr'><strong>sontes</strong></span> <span class='ocrx_word' id='word_1_47' title='bbox 617 939 759 994; x_wconf 83' lang='lat' dir='ltr'><strong>aquarum</strong></span> <span class='ocrx_word' id='word_1_48' title='bbox 776 923 863 995; x_wconf 86' lang='lat' dir='ltr'><strong>capiti</strong></span> <span class='ocrx_word' id='word_1_49' title='bbox 879 940 960 992; x_wconf 89' lang='lat' dir='ltr'><strong>meo,</strong></span> <span class='ocrx_word' id='word_1_50' title='bbox 977 932 1010 979; x_wconf 88' lang='lat' dir='ltr'><strong>ut</strong></span> <span class='ocrx_word' id='word_1_51' title='bbox 1025 925 1095 979; x_wconf 84' lang='lat' dir='ltr'><strong>llere</strong></span> <span class='ocrx_word' id='word_1_52' title='bbox 1107 940 1177 996; x_wconf 83' lang='lat' dir='ltr'><strong>pot.</strong></span> 
     </span>
     <span class='ocr_line' id='line_1_8' title="bbox 116 1011 1178 1091; baseline 0.004 -25"><span class='ocrx_word' id='word_1_53' title='bbox 116 1012 175 1066; x_wconf 80' lang='lat' dir='ltr'><strong>sian</strong></span> <span class='ocrx_word' id='word_1_54' title='bbox 191 1011 393 1068; x_wconf 70' lang='lat' dir='ltr'><strong>mationem</strong></span> <span class='ocrx_word' id='word_1_55' title='bbox 408 1012 495 1068; x_wconf 88' lang='lat' dir='ltr'><strong>istam</strong></span> <span class='ocrx_word' id='word_1_56' title='bbox 519 1012 708 1091; x_wconf 62' lang='lat' dir='ltr'><strong>nouissimam</strong></span> <span class='ocrx_word' id='word_1_57' title='bbox 725 1013 907 1080; x_wconf 88' lang='lat' dir='ltr'><strong>animarum,</strong></span> <span class='ocrx_word' id='word_1_58' title='bbox 933 1028 1022 1085; x_wconf 85' lang='lat' dir='ltr'><strong>quam</strong></span> <span class='ocrx_word' id='word_1_59' title='bbox 1039 1029 1178 1084; x_wconf 85' lang='lat' dir='ltr'><strong>operatur</strong></span> 
     </span>
     <span class='ocr_line' id='line_1_9' title="bbox 116 1101 1177 1173; baseline 0.004 -17"><span class='ocrx_word' id='word_1_60' title='bbox 116 1116 245 1171; x_wconf 72' lang='lat' dir='ltr'><strong>regnum</strong></span> <span class='ocrx_word' id='word_1_61' title='bbox 272 1101 348 1157; x_wconf 85' lang='lat' dir='ltr'><strong>istud</strong></span> <span class='ocrx_word' id='word_1_62' title='bbox 377 1103 487 1172; x_wconf 85' lang='lat' dir='ltr'><strong>peccati</strong></span> <span class='ocrx_word' id='word_1_63' title='bbox 511 1113 540 1157; x_wconf 91' lang='lat' dir='ltr'><strong>et</strong></span> <span class='ocrx_word' id='word_1_64' title='bbox 559 1103 736 1173; x_wconf 79' lang='lat' dir='ltr'><strong>perditionis.</strong></span> <span class='ocrx_word' id='word_1_65' title='bbox 770 1103 858 1158; x_wconf 85' lang='lat' dir='ltr'><strong>Sedet</strong></span> <span class='ocrx_word' id='word_1_66' title='bbox 875 1111 1042 1173; x_wconf 78' lang='lat' dir='ltr'><strong>portentum</strong></span> <span class='ocrx_word' id='word_1_67' title='bbox 1063 1104 1177 1160; x_wconf 86' lang='lat' dir='ltr'><strong>Rotnaa</strong></span> 
     </span>
     <span class='ocr_line' id='line_1_10' title="bbox 115 1189 1177 1263; baseline -0.002 -16"><span class='ocrx_word' id='word_1_68' title='bbox 115 1192 146 1247; x_wconf 88' lang='lat' dir='ltr'><strong>ia</strong></span> <span class='ocrx_word' id='word_1_69' title='bbox 162 1191 267 1246; x_wconf 85' lang='lat' dir='ltr'><strong>medio</strong></span> <span class='ocrx_word' id='word_1_70' title='bbox 283 1189 455 1258; x_wconf 78' lang='lat' dir='ltr'><strong>Ecclesiae,</strong></span> <span class='ocrx_word' id='word_1_71' title='bbox 481 1202 510 1246; x_wconf 91' lang='lat' dir='ltr'><strong>et</strong></span> <span class='ocrx_word' id='word_1_72' title='bbox 526 1191 654 1246; x_wconf 83' lang='lat' dir='ltr'><strong>venditat</strong></span> <span class='ocrx_word' id='word_1_73' title='bbox 671 1206 703 1246; x_wconf 83' lang='lat' dir='ltr'><strong>se</strong></span> <span class='ocrx_word' id='word_1_74' title='bbox 720 1208 774 1263; x_wconf 84' lang='lat' dir='ltr'><strong>pro</strong></span> <span class='ocrx_word' id='word_1_75' title='bbox 790 1192 878 1258; x_wconf 87' lang='lat' dir='ltr'><strong>Deo,</strong></span> <span class='ocrx_word' id='word_1_76' title='bbox 895 1191 1046 1246; x_wconf 80' lang='lat' dir='ltr'><strong>adulantur</strong></span> <span class='ocrx_word' id='word_1_77' title='bbox 1058 1192 1177 1263; x_wconf 83' lang='lat' dir='ltr'><strong>pontifi.</strong></span> 
     </span>
     <span class='ocr_line' id='line_1_11' title="bbox 117 1280 1177 1355; baseline -0.001 -19"><span class='ocrx_word' id='word_1_78' title='bbox 117 1295 187 1349; x_wconf 85' lang='lat' dir='ltr'><strong>ces,</strong></span> <span class='ocrx_word' id='word_1_79' title='bbox 202 1280 417 1355; x_wconf 76' lang='lat' dir='ltr'><strong>obsequuntur</strong></span> <span class='ocrx_word' id='word_1_80' title='bbox 431 1280 603 1353; x_wconf 79' lang='lat' dir='ltr'><strong>sophistae,</strong></span> <span class='ocrx_word' id='word_1_81' title='bbox 619 1289 648 1336; x_wconf 84' lang='lat' dir='ltr'><strong>el</strong></span> <span class='ocrx_word' id='word_1_82' title='bbox 663 1282 733 1336; x_wconf 88' lang='lat' dir='ltr'><strong>nihil</strong></span> <span class='ocrx_word' id='word_1_83' title='bbox 752 1298 812 1336; x_wconf 89' lang='lat' dir='ltr'><strong>non</strong></span> <span class='ocrx_word' id='word_1_84' title='bbox 829 1280 884 1353; x_wconf 75' lang='lat' dir='ltr'><strong>pro</strong></span> <span class='ocrx_word' id='word_1_85' title='bbox 902 1299 939 1336; x_wconf 88' lang='lat' dir='ltr'><strong>eo</strong></span> <span class='ocrx_word' id='word_1_86' title='bbox 957 1282 1063 1337; x_wconf 81' lang='lat' dir='ltr'><strong>iaciunt</strong></span> <span class='ocrx_word' id='word_1_87' title='bbox 1078 1282 1177 1355; x_wconf 87' lang='lat' dir='ltr'><strong>hypo.</strong></span> 
     </span>
     <span class='ocr_line' id='line_1_12' title="bbox 115 1369 1176 1443; baseline 0.005 -20"><span class='ocrx_word' id='word_1_88' title='bbox 115 1372 217 1427; x_wconf 78' lang='lat' dir='ltr'><strong>eritne.</strong></span> <span class='ocrx_word' id='word_1_89' title='bbox 260 1369 387 1425; x_wconf 84' lang='lat' dir='ltr'><strong>interim</strong></span> <span class='ocrx_word' id='word_1_90' title='bbox 410 1371 540 1426; x_wconf 79' lang='lat' dir='ltr'><strong>infernus</strong></span> <span class='ocrx_word' id='word_1_91' title='bbox 564 1370 661 1425; x_wconf 87' lang='lat' dir='ltr'><strong>dilatat</strong></span> <span class='ocrx_word' id='word_1_92' title='bbox 685 1371 810 1424; x_wconf 84' lang='lat' dir='ltr'><strong>animam</strong></span> <span class='ocrx_word' id='word_1_93' title='bbox 841 1386 943 1440; x_wconf 83' lang='lat' dir='ltr'><strong>suam,</strong></span> <span class='ocrx_word' id='word_1_94' title='bbox 970 1381 1001 1425; x_wconf 88' lang='lat' dir='ltr'><strong>et</strong></span> <span class='ocrx_word' id='word_1_95' title='bbox 1025 1373 1117 1443; x_wconf 88' lang='lat' dir='ltr'><strong>aperit</strong></span> <span class='ocrx_word' id='word_1_96' title='bbox 1140 1386 1176 1428; x_wconf 83' lang='lat' dir='ltr'><strong>cs</strong></span> 
     </span>
     <span class='ocr_line' id='line_1_13' title="bbox 115 1459 1176 1532; baseline 0.001 -17"><span class='ocrx_word' id='word_1_97' title='bbox 115 1474 206 1516; x_wconf 86' lang='lat' dir='ltr'><strong>snum</strong></span> <span class='ocrx_word' id='word_1_98' title='bbox 229 1459 345 1532; x_wconf 76' lang='lat' dir='ltr'><strong>absque</strong></span> <span class='ocrx_word' id='word_1_99' title='bbox 367 1460 509 1527; x_wconf 87' lang='lat' dir='ltr'><strong>termino,</strong></span> <span class='ocrx_word' id='word_1_100' title='bbox 534 1470 563 1515; x_wconf 90' lang='lat' dir='ltr'><strong>et</strong></span> <span class='ocrx_word' id='word_1_101' title='bbox 589 1461 660 1515; x_wconf 89' lang='lat' dir='ltr'><strong>ludit</strong></span> <span class='ocrx_word' id='word_1_102' title='bbox 677 1461 806 1515; x_wconf 78' lang='lat' dir='ltr'><strong>satanin</strong></span> <span class='ocrx_word' id='word_1_103' title='bbox 825 1460 985 1531; x_wconf 85' lang='lat' dir='ltr'><strong>perditione</strong></span> <span class='ocrx_word' id='word_1_104' title='bbox 1004 1461 1176 1516; x_wconf 82' lang='lat' dir='ltr'><strong>animarum.</strong></span> 
     </span>
     <span class='ocr_line' id='line_1_14' title="bbox 116 1549 1176 1623; baseline 0 -17"><span class='ocrx_word' id='word_1_105' title='bbox 116 1549 186 1607; x_wconf 84' lang='lat' dir='ltr'><strong>Nec</strong></span> <span class='ocrx_word' id='word_1_106' title='bbox 202 1550 233 1605; x_wconf 91' lang='lat' dir='ltr'><strong>in</strong></span> <span class='ocrx_word' id='word_1_107' title='bbox 251 1550 340 1605; x_wconf 88' lang='lat' dir='ltr'><strong>nobis</strong></span> <span class='ocrx_word' id='word_1_108' title='bbox 358 1560 422 1618; x_wconf 87' lang='lat' dir='ltr'><strong>est,</strong></span> <span class='ocrx_word' id='word_1_109' title='bbox 448 1551 498 1623; x_wconf 93' lang='lat' dir='ltr'><strong>qui</strong></span> <span class='ocrx_word' id='word_1_110' title='bbox 515 1550 593 1606; x_wconf 84' lang='lat' dir='ltr'><strong>serio</strong></span> <span class='ocrx_word' id='word_1_111' title='bbox 609 1560 640 1605; x_wconf 89' lang='lat' dir='ltr'><strong>et</strong></span> <span class='ocrx_word' id='word_1_112' title='bbox 656 1567 723 1604; x_wconf 90' lang='lat' dir='ltr'><strong>cum</strong></span> <span class='ocrx_word' id='word_1_113' title='bbox 740 1549 867 1606; x_wconf 79' lang='lat' dir='ltr'><strong>lacrimis</strong></span> <span class='ocrx_word' id='word_1_114' title='bbox 883 1559 941 1605; x_wconf 86' lang='lat' dir='ltr'><strong>stet</strong></span> <span class='ocrx_word' id='word_1_115' title='bbox 957 1551 987 1606; x_wconf 88' lang='lat' dir='ltr'><strong>in</strong></span> <span class='ocrx_word' id='word_1_116' title='bbox 1004 1552 1049 1606; x_wconf 88' lang='lat' dir='ltr'><strong>die</strong></span> <span class='ocrx_word' id='word_1_117' title='bbox 1067 1552 1176 1606; x_wconf 86' lang='lat' dir='ltr'><strong>luroris</strong></span> 
     </span>
     <span class='ocr_line' id='line_1_15' title="bbox 116 1640 1177 1711; baseline -0.001 -15"><span class='ocrx_word' id='word_1_118' title='bbox 116 1640 207 1711; x_wconf 76' lang='lat' dir='ltr'><strong>liujus</strong></span> <span class='ocrx_word' id='word_1_119' title='bbox 217 1680 228 1707; x_wconf 95' lang='lat'><strong>,</strong></span> <span class='ocrx_word' id='word_1_120' title='bbox 247 1650 276 1695; x_wconf 91' lang='lat' dir='ltr'><strong>et</strong></span> <span class='ocrx_word' id='word_1_121' title='bbox 292 1650 422 1711; x_wconf 87' lang='lat' dir='ltr'><strong>opponat</strong></span> <span class='ocrx_word' id='word_1_122' title='bbox 438 1656 471 1695; x_wconf 89' lang='lat' dir='ltr'><strong>se</strong></span> <span class='ocrx_word' id='word_1_123' title='bbox 487 1657 604 1694; x_wconf 87' lang='lat' dir='ltr'><strong>murum</strong></span> <span class='ocrx_word' id='word_1_124' title='bbox 622 1656 677 1711; x_wconf 86' lang='lat' dir='ltr'><strong>pro</strong></span> <span class='ocrx_word' id='word_1_125' title='bbox 696 1641 796 1695; x_wconf 84' lang='lat' dir='ltr'><strong>lsrael.</strong></span> <span class='ocrx_word' id='word_1_126' title='bbox 830 1640 907 1696; x_wconf 84' lang='lat' dir='ltr'><strong>Hinc</strong></span> <span class='ocrx_word' id='word_1_127' title='bbox 923 1641 1030 1711; x_wconf 82' lang='lat' dir='ltr'><strong>plenus</strong></span> <span class='ocrx_word' id='word_1_128' title='bbox 1048 1641 1177 1710; x_wconf 82' lang='lat' dir='ltr'><strong>indigna.</strong></span> 
     </span>
     <span class='ocr_line' id='line_1_16' title="bbox 118 1729 1184 1802; baseline -0.001 -18"><span class='ocrx_word' id='word_1_129' title='bbox 118 1731 201 1786; x_wconf 89' lang='lat' dir='ltr'><strong>tione</strong></span> <span class='ocrx_word' id='word_1_130' title='bbox 219 1730 342 1785; x_wconf 82' lang='lat' dir='ltr'><strong>inlatos</strong></span> <span class='ocrx_word' id='word_1_131' title='bbox 359 1731 518 1800; x_wconf 78' lang='lat' dir='ltr'><strong>sacrilegos</strong></span> <span class='ocrx_word' id='word_1_132' title='bbox 536 1730 694 1796; x_wconf 86' lang='lat' dir='ltr'><strong>Latomos,</strong></span> <span class='ocrx_word' id='word_1_133' title='bbox 712 1733 760 1802; x_wconf 91' lang='lat' dir='ltr'><strong>qui</strong></span> <span class='ocrx_word' id='word_1_134' title='bbox 777 1731 806 1784; x_wconf 90' lang='lat' dir='ltr'><strong>in</strong></span> <span class='ocrx_word' id='word_1_135' title='bbox 823 1729 869 1784; x_wconf 87' lang='lat' dir='ltr'><strong>his</strong></span> <span class='ocrx_word' id='word_1_136' title='bbox 885 1731 968 1787; x_wconf 77' lang='lat' dir='ltr'><strong>seriis</strong></span> <span class='ocrx_word' id='word_1_137' title='bbox 982 1729 1184 1800; x_wconf 62' lang='lat' dir='ltr'><strong>sophisticus:</strong></span> 
     </span>
     <span class='ocr_line' id='line_1_17' title="bbox 117 1819 1177 1887; baseline 0 -12"><span class='ocrx_word' id='word_1_138' title='bbox 117 1830 182 1887; x_wconf 86' lang='lat' dir='ltr'><strong>tus,</strong></span> <span class='ocrx_word' id='word_1_139' title='bbox 198 1832 229 1875; x_wconf 88' lang='lat' dir='ltr'><strong>et</strong></span> <span class='ocrx_word' id='word_1_140' title='bbox 246 1834 304 1876; x_wconf 91' lang='lat' dir='ltr'><strong>nos</strong></span> <span class='ocrx_word' id='word_1_141' title='bbox 320 1819 443 1875; x_wconf 81' lang='lat' dir='ltr'><strong>meliora</strong></span> <span class='ocrx_word' id='word_1_142' title='bbox 460 1820 667 1887; x_wconf 84' lang='lat' dir='ltr'><strong>intermittere,</strong></span> <span class='ocrx_word' id='word_1_143' title='bbox 691 1830 722 1874; x_wconf 84' lang='lat' dir='ltr'><strong>et</strong></span> <span class='ocrx_word' id='word_1_144' title='bbox 744 1823 805 1875; x_wconf 78' lang='lat' dir='ltr'><strong>suis</strong></span> <span class='ocrx_word' id='word_1_145' title='bbox 823 1820 931 1875; x_wconf 85' lang='lat' dir='ltr'><strong>insanis</strong></span> <span class='ocrx_word' id='word_1_146' title='bbox 948 1820 1066 1876; x_wconf 84' lang='lat' dir='ltr'><strong>insaniis</strong></span> <span class='ocrx_word' id='word_1_147' title='bbox 1084 1836 1177 1875; x_wconf 77' lang='lat' dir='ltr'><strong>occet.</strong></span> 
     </span>
     <span class='ocr_line' id='line_1_18' title="bbox 118 1909 1177 1982; baseline 0 -17"><span class='ocrx_word' id='word_1_148' title='bbox 118 1910 180 1982; x_wconf 85' lang='lat' dir='ltr'><strong>pari</strong></span> <span class='ocrx_word' id='word_1_149' title='bbox 195 1922 324 1980; x_wconf 75' lang='lat' dir='ltr'><strong>cogunt,</strong></span> <span class='ocrx_word' id='word_1_150' title='bbox 339 1910 489 1980; x_wconf 84' lang='lat' dir='ltr'><strong>imprecor</strong></span> <span class='ocrx_word' id='word_1_151' title='bbox 505 1909 533 1965; x_wconf 90' lang='lat' dir='ltr'><strong>in</strong></span> <span class='ocrx_word' id='word_1_152' title='bbox 546 1910 715 1965; x_wconf 84' lang='lat' dir='ltr'><strong>durissimas</strong></span> <span class='ocrx_word' id='word_1_153' title='bbox 733 1926 836 1965; x_wconf 88' lang='lat' dir='ltr'><strong>eornm</strong></span> <span class='ocrx_word' id='word_1_154' title='bbox 851 1911 963 1965; x_wconf 83' lang='lat' dir='ltr'><strong>frontes</strong></span> <span class='ocrx_word' id='word_1_155' title='bbox 979 1911 1066 1964; x_wconf 87' lang='lat' dir='ltr'><strong>illud:</strong></span> <span class='ocrx_word' id='word_1_156' title='bbox 1084 1911 1177 1965; x_wconf 63' lang='lat' dir='ltr'><strong>Era:</strong></span> 
     </span>
     <span class='ocr_line' id='line_1_19' title="bbox 119 1996 1175 2066; baseline -0.001 -12"><span class='ocrx_word' id='word_1_157' title='bbox 119 1997 250 2056; x_wconf 65' lang='lat' dir='ltr'><strong>&amp;scant</strong></span> <span class='ocrx_word' id='word_1_158' title='bbox 271 2005 304 2053; x_wconf 83' lang='lat' dir='ltr'><strong>et</strong></span> <span class='ocrx_word' id='word_1_159' title='bbox 319 1996 549 2054; x_wconf 82' lang='lat' dir='ltr'><strong>conturbentur</strong></span> <span class='ocrx_word' id='word_1_160' title='bbox 564 2015 672 2055; x_wconf 83' lang='lat' dir='ltr'><strong>omnes</strong></span> <span class='ocrx_word' id='word_1_161' title='bbox 688 1999 811 2054; x_wconf 83' lang='lat' dir='ltr'><strong>inimici</strong></span> <span class='ocrx_word' id='word_1_162' title='bbox 834 1999 912 2066; x_wconf 88' lang='lat' dir='ltr'><strong>mei,</strong></span> <span class='ocrx_word' id='word_1_163' title='bbox 943 2005 1175 2056; x_wconf 83' lang='lat' dir='ltr'><strong>convertantur</strong></span> 
     </span>
     <span class='ocr_line' id='line_1_20' title="bbox 121 2087 484 2147; baseline 0 -4"><span class='ocrx_word' id='word_1_164' title='bbox 121 2096 150 2143; x_wconf 84' lang='lat' dir='ltr'><strong>et</strong></span> <span class='ocrx_word' id='word_1_165' title='bbox 163 2087 356 2145; x_wconf 78' lang='lat' dir='ltr'><strong>erubescant</strong></span> <span class='ocrx_word' id='word_1_166' title='bbox 372 2089 484 2147; x_wconf 81' lang='lat' dir='ltr'><strong>subito.</strong></span> 
     </span>
    </p>

    <p class='ocr_par' dir='ltr' id='par_1_4' title="bbox 119 2176 1178 3680">
     <span class='ocr_line' id='line_1_21' title="bbox 182 2176 1178 2250; baseline -0.001 -15"><span class='ocrx_word' id='word_1_167' title='bbox 182 2180 242 2235; x_wconf 81' lang='lat' dir='ltr'><strong>Sed</strong></span> <span class='ocrx_word' id='word_1_168' title='bbox 259 2196 299 2235; x_wconf 84' lang='lat' dir='ltr'><strong>ne</strong></span> <span class='ocrx_word' id='word_1_169' title='bbox 315 2179 450 2248; x_wconf 81' lang='lat' dir='ltr'><strong>longiore</strong></span> <span class='ocrx_word' id='word_1_170' title='bbox 468 2179 590 2249; x_wconf 85' lang='lat' dir='ltr'><strong>epistola</strong></span> <span class='ocrx_word' id='word_1_171' title='bbox 617 2189 647 2234; x_wconf 91' lang='lat' dir='ltr'><strong>te</strong></span> <span class='ocrx_word' id='word_1_172' title='bbox 664 2193 786 2244; x_wconf 88' lang='lat' dir='ltr'><strong>morer,</strong></span> <span class='ocrx_word' id='word_1_173' title='bbox 811 2177 846 2230; x_wconf 89' lang='lat' dir='ltr'><strong>ad</strong></span> <span class='ocrx_word' id='word_1_174' title='bbox 864 2176 1049 2232; x_wconf 83' lang='lat' dir='ltr'><strong>Latomianae</strong></span> <span class='ocrx_word' id='word_1_175' title='bbox 1067 2180 1178 2250; x_wconf 78' lang='lat' dir='ltr'><strong>praela.</strong></span> 
     </span>
     <span class='ocr_line' id='line_1_22' title="bbox 121 2266 1176 2342; baseline 0.001 -17"><span class='ocrx_word' id='word_1_176' title='bbox 121 2269 208 2325; x_wconf 84' lang='lat' dir='ltr'><strong>tionis</strong></span> <span class='ocrx_word' id='word_1_177' title='bbox 226 2269 323 2342; x_wconf 83' lang='lat' dir='ltr'><strong>capita</strong></span> <span class='ocrx_word' id='word_1_178' title='bbox 341 2269 399 2323; x_wconf 83' lang='lat' dir='ltr'><strong>alic</strong></span> <span class='ocrx_word' id='word_1_179' title='bbox 416 2268 560 2339; x_wconf 84' lang='lat' dir='ltr'><strong>principio</strong></span> <span class='ocrx_word' id='word_1_180' title='bbox 573 2267 770 2340; x_wconf 84' lang='lat' dir='ltr'><strong>respondebo.</strong></span> <span class='ocrx_word' id='word_1_181' title='bbox 803 2266 853 2321; x_wconf 86' lang='grc' dir='ltr'><strong>Τιι</strong></span> <span class='ocrx_word' id='word_1_182' title='bbox 869 2267 985 2322; x_wconf 81' lang='lat' dir='ltr'><strong>interim</strong></span> <span class='ocrx_word' id='word_1_183' title='bbox 1003 2267 1062 2322; x_wconf 88' lang='lat' dir='ltr'><strong>hoc</strong></span> <span class='ocrx_word' id='word_1_184' title='bbox 1079 2271 1135 2323; x_wconf 90' lang='lat' dir='ltr'><strong>mei</strong></span> <span class='ocrx_word' id='word_1_185' title='bbox 1147 2269 1176 2327; x_wconf 89' lang='lat' dir='ltr'><strong>iu</strong></span> 
     </span>
     <span class='ocr_line' id='line_1_23' title="bbox 120 2356 1178 2427; baseline -0.002 -13"><span class='ocrx_word' id='word_1_186' title='bbox 120 2368 148 2414; x_wconf 89' lang='lat' dir='ltr'><strong>te</strong></span> <span class='ocrx_word' id='word_1_187' title='bbox 162 2357 255 2415; x_wconf 85' lang='lat' dir='ltr'><strong>animi</strong></span> <span class='ocrx_word' id='word_1_188' title='bbox 271 2356 475 2413; x_wconf 86' lang='lat' dir='ltr'><strong>testimonium</strong></span> <span class='ocrx_word' id='word_1_189' title='bbox 492 2372 638 2426; x_wconf 80' lang='lat' dir='ltr'><strong>agnosce,</strong></span> <span class='ocrx_word' id='word_1_190' title='bbox 663 2370 691 2411; x_wconf 86' lang='lat' dir='ltr'><strong>et</strong></span> <span class='ocrx_word' id='word_1_191' title='bbox 710 2373 780 2426; x_wconf 83' lang='lat' dir='ltr'><strong>roga</strong></span> <span class='ocrx_word' id='word_1_192' title='bbox 797 2356 963 2419; x_wconf 85' lang='lat' dir='ltr'><strong>Dominum</strong></span> <span class='ocrx_word' id='word_1_193' title='bbox 980 2373 1035 2427; x_wconf 91' lang='lat' dir='ltr'><strong>pro</strong></span> <span class='ocrx_word' id='word_1_194' title='bbox 1053 2373 1119 2424; x_wconf 86' lang='lat' dir='ltr'><strong>me,</strong></span> <span class='ocrx_word' id='word_1_195' title='bbox 1143 2368 1178 2413; x_wconf 87' lang='lat' dir='ltr'><strong>ut</strong></span> 
     </span>
     <span class='ocr_line' id='line_1_24' title="bbox 121 2446 1177 2521; baseline 0.001 -18"><span class='ocrx_word' id='word_1_196' title='bbox 121 2449 228 2521; x_wconf 84' lang='lat' dir='ltr'><strong>etipse</strong></span> <span class='ocrx_word' id='word_1_197' title='bbox 245 2447 356 2503; x_wconf 86' lang='lat' dir='ltr'><strong>liberer</strong></span> <span class='ocrx_word' id='word_1_198' title='bbox 371 2464 388 2501; x_wconf 81' lang='lat' dir='ltr'><strong>a</strong></span> <span class='ocrx_word' id='word_1_199' title='bbox 403 2448 488 2502; x_wconf 84' lang='lat' dir='ltr'><strong>malis</strong></span> <span class='ocrx_word' id='word_1_200' title='bbox 504 2449 565 2516; x_wconf 85' lang='lat' dir='ltr'><strong>(sio</strong></span> <span class='ocrx_word' id='word_1_201' title='bbox 582 2447 660 2501; x_wconf 83' lang='lat' dir='ltr'><strong>enirn</strong></span> <span class='ocrx_word' id='word_1_202' title='bbox 677 2462 758 2501; x_wconf 88' lang='lat' dir='ltr'><strong>nunc</strong></span> <span class='ocrx_word' id='word_1_203' title='bbox 776 2447 869 2500; x_wconf 88' lang='lat' dir='ltr'><strong>audeo</strong></span> <span class='ocrx_word' id='word_1_204' title='bbox 887 2446 1128 2517; x_wconf 72' lang='lat' dir='ltr'><strong>cmnupostolo)</strong></span> <span class='ocrx_word' id='word_1_205' title='bbox 1145 2457 1177 2504; x_wconf 82' lang='lat' dir='ltr'><strong>et</strong></span> 
     </span>
     <span class='ocr_line' id='line_1_25' title="bbox 121 2527 1175 2607; baseline -0.001 -15"><span class='ocrx_word' id='word_1_206' title='bbox 121 2538 284 2594; x_wconf 80' lang='lat' dir='ltr'><strong>infidelibus</strong></span> <span class='ocrx_word' id='word_1_207' title='bbox 311 2536 500 2603; x_wconf 87' lang='lat' dir='ltr'><strong>hominibus,</strong></span> <span class='ocrx_word' id='word_1_208' title='bbox 531 2537 580 2607; x_wconf 90' lang='lat' dir='ltr'><strong>qui</strong></span> <span class='ocrx_word' id='word_1_209' title='bbox 603 2546 671 2590; x_wconf 89' lang='lat' dir='ltr'><strong>sunt</strong></span> <span class='ocrx_word' id='word_1_210' title='bbox 696 2538 724 2589; x_wconf 91' lang='lat' dir='ltr'><strong>in</strong></span> <span class='ocrx_word' id='word_1_211' title='bbox 741 2537 794 2590; x_wconf 86' lang='lat' dir='ltr'><strong>ista</strong></span> <span class='ocrx_word' id='word_1_212' title='bbox 810 2527 982 2606; x_wconf 66' lang='lat' dir='ltr'><strong>Babylone,</strong></span> <span class='ocrx_word' id='word_1_213' title='bbox 1011 2546 1040 2589; x_wconf 89' lang='lat' dir='ltr'><strong>et</strong></span> <span class='ocrx_word' id='word_1_214' title='bbox 1067 2539 1175 2597; x_wconf 84' lang='lat' dir='ltr'><strong>ostium</strong></span> 
     </span>
     <span class='ocr_line' id='line_1_26' title="bbox 121 2625 1175 2697; baseline 0.001 -17"><span class='ocrx_word' id='word_1_215' title='bbox 121 2627 190 2681; x_wconf 88' lang='lat' dir='ltr'><strong>mihi</strong></span> <span class='ocrx_word' id='word_1_216' title='bbox 220 2628 368 2697; x_wconf 81' lang='lat' dir='ltr'><strong>aperiatur</strong></span> <span class='ocrx_word' id='word_1_217' title='bbox 398 2627 427 2681; x_wconf 89' lang='lat' dir='ltr'><strong>iu</strong></span> <span class='ocrx_word' id='word_1_218' title='bbox 459 2625 574 2680; x_wconf 86' lang='lat' dir='ltr'><strong>laudem</strong></span> <span class='ocrx_word' id='word_1_219' title='bbox 599 2625 707 2694; x_wconf 76' lang='lat' dir='ltr'><strong>gloriae</strong></span> <span class='ocrx_word' id='word_1_220' title='bbox 733 2625 838 2693; x_wconf 85' lang='lat' dir='ltr'><strong>gratiae</strong></span> <span class='ocrx_word' id='word_1_221' title='bbox 865 2625 1012 2694; x_wconf 82' lang='lat' dir='ltr'><strong>Evangelii</strong></span> <span class='ocrx_word' id='word_1_222' title='bbox 1041 2625 1089 2681; x_wconf 84' lang='lat' dir='ltr'><strong>lilii</strong></span> <span class='ocrx_word' id='word_1_223' title='bbox 1120 2629 1175 2682; x_wconf 84' lang='lat' dir='ltr'><strong>sui.</strong></span> 
     </span>
     <span class='ocr_line' id='line_1_27' title="bbox 123 2713 1174 2784; baseline 0 -15"><span class='ocrx_word' id='word_1_224' title='bbox 123 2714 173 2770; x_wconf 78' lang='lat' dir='ltr'><strong>Sed</strong></span> <span class='ocrx_word' id='word_1_225' title='bbox 200 2727 231 2768; x_wconf 86' lang='lat' dir='ltr'><strong>et</strong></span> <span class='ocrx_word' id='word_1_226' title='bbox 257 2732 312 2784; x_wconf 86' lang='lat' dir='ltr'><strong>ego</strong></span> <span class='ocrx_word' id='word_1_227' title='bbox 330 2715 496 2768; x_wconf 89' lang='lat' dir='ltr'><strong>Dominum</strong></span> <span class='ocrx_word' id='word_1_228' title='bbox 521 2731 594 2779; x_wconf 90' lang='lat' dir='ltr'><strong>oro,</strong></span> <span class='ocrx_word' id='word_1_229' title='bbox 620 2722 649 2766; x_wconf 89' lang='lat' dir='ltr'><strong>ut</strong></span> <span class='ocrx_word' id='word_1_230' title='bbox 675 2713 817 2782; x_wconf 83' lang='lat' dir='ltr'><strong>impartiat</strong></span> <span class='ocrx_word' id='word_1_231' title='bbox 841 2713 892 2767; x_wconf 90' lang='lat' dir='ltr'><strong>tibi</strong></span> <span class='ocrx_word' id='word_1_232' title='bbox 914 2714 1046 2783; x_wconf 85' lang='lat' dir='ltr'><strong>spiritum</strong></span> <span class='ocrx_word' id='word_1_233' title='bbox 1068 2732 1174 2783; x_wconf 84' lang='lat' dir='ltr'><strong>suum,</strong></span> 
     </span>
     <span class='ocr_line' id='line_1_28' title="bbox 125 2803 1174 2875; baseline 0.002 -17"><span class='ocrx_word' id='word_1_234' title='bbox 125 2823 179 2875; x_wconf 84' lang='lat' dir='ltr'><strong>quo</strong></span> <span class='ocrx_word' id='word_1_235' title='bbox 216 2805 377 2859; x_wconf 81' lang='lat' dir='ltr'><strong>decretales</strong></span> <span class='ocrx_word' id='word_1_236' title='bbox 407 2803 577 2859; x_wconf 80' lang='lat' dir='ltr'><strong>Antichristi</strong></span> <span class='ocrx_word' id='word_1_237' title='bbox 607 2803 873 2874; x_wconf 73' lang='lat' dir='ltr'><strong>pestilentissimae,</strong></span> <span class='ocrx_word' id='word_1_238' title='bbox 902 2804 1007 2874; x_wconf 88' lang='lat' dir='ltr'><strong>quibus</strong></span> <span class='ocrx_word' id='word_1_239' title='bbox 1032 2805 1174 2860; x_wconf 82' lang='lat' dir='ltr'><strong>docendis</strong></span> 
     </span>
     <span class='ocr_line' id='line_1_29' title="bbox 119 2892 1174 2964; baseline 0 -16"><span class='ocrx_word' id='word_1_240' title='bbox 119 2897 272 2950; x_wconf 79' lang='lat' dir='ltr'><strong>mandatus</strong></span> <span class='ocrx_word' id='word_1_241' title='bbox 290 2911 321 2948; x_wconf 86' lang='lat' dir='ltr'><strong>cs</strong></span> <span class='ocrx_word' id='word_1_242' title='bbox 334 2893 364 2960; x_wconf 68' lang='lat'><strong>⁸)</strong></span> <span class='ocrx_word' id='word_1_243' title='bbox 378 2935 386 2961; x_wconf 91' lang='lat'><strong>,</strong></span> <span class='ocrx_word' id='word_1_244' title='bbox 414 2912 474 2948; x_wconf 87' lang='lat' dir='ltr'><strong>non</strong></span> <span class='ocrx_word' id='word_1_245' title='bbox 491 2895 546 2948; x_wconf 89' lang='lat' dir='ltr'><strong>alio</strong></span> <span class='ocrx_word' id='word_1_246' title='bbox 565 2895 659 2948; x_wconf 85' lang='lat' dir='ltr'><strong>studio</strong></span> <span class='ocrx_word' id='word_1_247' title='bbox 673 2892 848 2964; x_wconf 81' lang='lat' dir='ltr'><strong>profitearis,</strong></span> <span class='ocrx_word' id='word_1_248' title='bbox 867 2909 953 2963; x_wconf 84' lang='lat' dir='ltr'><strong>quam</strong></span> <span class='ocrx_word' id='word_1_249' title='bbox 964 2910 1024 2964; x_wconf 89' lang='lat' dir='ltr'><strong>quo</strong></span> <span class='ocrx_word' id='word_1_250' title='bbox 1038 2894 1087 2948; x_wconf 89' lang='lat' dir='ltr'><strong>tibi</strong></span> <span class='ocrx_word' id='word_1_251' title='bbox 1100 2895 1174 2957; x_wconf 78' lang='lat' dir='ltr'><strong>dixi.</strong></span> 
     </span>
     <span class='ocr_line' id='line_1_30' title="bbox 125 2980 1173 3057; baseline -0.005 -18"><span class='ocrx_word' id='word_1_252' title='bbox 125 3002 227 3057; x_wconf 88' lang='lat' dir='ltr'><strong>nempe</strong></span> <span class='ocrx_word' id='word_1_253' title='bbox 244 2997 275 3038; x_wconf 89' lang='grc' dir='ltr'><strong>ιιι</strong></span> <span class='ocrx_word' id='word_1_254' title='bbox 293 2985 332 3037; x_wconf 81' lang='lat' dir='ltr'><strong>sis</strong></span> <span class='ocrx_word' id='word_1_255' title='bbox 352 2987 470 3049; x_wconf 81' lang='lat' dir='ltr'><strong>Aaron,</strong></span> <span class='ocrx_word' id='word_1_256' title='bbox 492 2995 521 3037; x_wconf 92' lang='lat' dir='ltr'><strong>et</strong></span> <span class='ocrx_word' id='word_1_257' title='bbox 538 2982 667 3036; x_wconf 85' lang='lat' dir='ltr'><strong>vestibus</strong></span> <span class='ocrx_word' id='word_1_258' title='bbox 685 2983 792 3035; x_wconf 86' lang='lat' dir='ltr'><strong>sanctis</strong></span> <span class='ocrx_word' id='word_1_259' title='bbox 810 2981 941 3045; x_wconf 88' lang='lat' dir='ltr'><strong>indutus,</strong></span> <span class='ocrx_word' id='word_1_260' title='bbox 965 2980 1026 3034; x_wconf 91' lang='lat' dir='ltr'><strong>hoc</strong></span> <span class='ocrx_word' id='word_1_261' title='bbox 1043 2994 1103 3047; x_wconf 88' lang='lat' dir='ltr'><strong>est,</strong></span> <span class='ocrx_word' id='word_1_262' title='bbox 1131 2984 1173 3055; x_wconf 49' lang='lat' dir='ltr'><strong>dt,</strong></span> 
     </span>
     <span class='ocr_line' id='line_1_31' title="bbox 123 3069 1171 3144; baseline -0.001 -21"><span class='ocrx_word' id='word_1_263' title='bbox 123 3073 191 3128; x_wconf 76' lang='lat' dir='ltr'><strong>vinis</strong></span> <span class='ocrx_word' id='word_1_264' title='bbox 201 3074 356 3142; x_wconf 84' lang='lat' dir='ltr'><strong>Scripturis</strong></span> <span class='ocrx_word' id='word_1_265' title='bbox 375 3073 513 3138; x_wconf 84' lang='lat' dir='ltr'><strong>munitus,</strong></span> <span class='ocrx_word' id='word_1_266' title='bbox 532 3070 715 3142; x_wconf 85' lang='lat' dir='ltr'><strong>apprehenso</strong></span> <span class='ocrx_word' id='word_1_267' title='bbox 735 3070 874 3144; x_wconf 82' lang='lat' dir='ltr'><strong>orationis</strong></span> <span class='ocrx_word' id='word_1_268' title='bbox 891 3069 1051 3134; x_wconf 87' lang='lat' dir='ltr'><strong>thuribulo,</strong></span> <span class='ocrx_word' id='word_1_269' title='bbox 1065 3087 1171 3138; x_wconf 87' lang='lat' dir='ltr'><strong>proce.</strong></span> 
     </span>
     <span class='ocr_line' id='line_1_32' title="bbox 123 3158 1172 3228; baseline 0.001 -14"><span class='ocrx_word' id='word_1_270' title='bbox 123 3161 168 3216; x_wconf 84' lang='lat' dir='ltr'><strong>das</strong></span> <span class='ocrx_word' id='word_1_271' title='bbox 194 3163 223 3215; x_wconf 90' lang='lat' dir='ltr'><strong>in</strong></span> <span class='ocrx_word' id='word_1_272' title='bbox 241 3177 401 3216; x_wconf 85' lang='lat' dir='ltr'><strong>occursum</strong></span> <span class='ocrx_word' id='word_1_273' title='bbox 424 3162 575 3215; x_wconf 83' lang='lat' dir='ltr'><strong>vastatoris</strong></span> <span class='ocrx_word' id='word_1_274' title='bbox 594 3161 698 3228; x_wconf 84' lang='lat' dir='ltr'><strong>hujus,</strong></span> <span class='ocrx_word' id='word_1_275' title='bbox 722 3159 751 3212; x_wconf 90' lang='lat' dir='ltr'><strong>in</strong></span> <span class='ocrx_word' id='word_1_276' title='bbox 768 3158 896 3213; x_wconf 88' lang='lat' dir='ltr'><strong>medium</strong></span> <span class='ocrx_word' id='word_1_277' title='bbox 914 3159 1080 3212; x_wconf 86' lang='lat' dir='ltr'><strong>incendium</strong></span> <span class='ocrx_word' id='word_1_278' title='bbox 1097 3160 1172 3215; x_wconf 81' lang='lat' dir='ltr'><strong>istud</strong></span> 
     </span>
     <span class='ocr_line' id='line_1_33' title="bbox 123 3247 1169 3321; baseline -0.003 -16"><span class='ocrx_word' id='word_1_279' title='bbox 123 3249 309 3317; x_wconf 77' lang='lat' dir='ltr'><strong>Romanum,</strong></span> <span class='ocrx_word' id='word_1_280' title='bbox 326 3267 387 3321; x_wconf 89' lang='lat' dir='ltr'><strong>quo</strong></span> <span class='ocrx_word' id='word_1_281' title='bbox 406 3249 505 3317; x_wconf 84' lang='lat' dir='ltr'><strong>flagrat</strong></span> <span class='ocrx_word' id='word_1_282' title='bbox 521 3249 602 3302; x_wconf 87' lang='lat' dir='ltr'><strong>orbis</strong></span> <span class='ocrx_word' id='word_1_283' title='bbox 620 3248 790 3318; x_wconf 86' lang='lat' dir='ltr'><strong>propediem</strong></span> <span class='ocrx_word' id='word_1_284' title='bbox 809 3247 865 3301; x_wconf 88' lang='lat' dir='ltr'><strong>alio</strong></span> <span class='ocrx_word' id='word_1_285' title='bbox 883 3247 1018 3301; x_wconf 87' lang='lat' dir='ltr'><strong>incendio</strong></span> <span class='ocrx_word' id='word_1_286' title='bbox 1035 3248 1071 3301; x_wconf 88' lang='lat' dir='ltr'><strong>de</strong></span> <span class='ocrx_word' id='word_1_287' title='bbox 1084 3250 1169 3302; x_wconf 86' lang='lat' dir='ltr'><strong>coelo</strong></span> 
     </span>
     <span class='ocr_line' id='line_1_34' title="bbox 124 3337 1170 3410; baseline -0.005 -16"><span class='ocrx_word' id='word_1_288' title='bbox 124 3356 169 3410; x_wconf 86' lang='lat' dir='ltr'><strong>per</strong></span> <span class='ocrx_word' id='word_1_289' title='bbox 184 3341 341 3394; x_wconf 80' lang='lat' dir='ltr'><strong>adventum</strong></span> <span class='ocrx_word' id='word_1_290' title='bbox 360 3339 515 3392; x_wconf 84' lang='lat' dir='ltr'><strong>Salvatoris</strong></span> <span class='ocrx_word' id='word_1_291' title='bbox 532 3340 644 3403; x_wconf 83' lang='lat' dir='ltr'><strong>nostri,</strong></span> <span class='ocrx_word' id='word_1_292' title='bbox 662 3353 751 3407; x_wconf 88' lang='lat' dir='ltr'><strong>quem</strong></span> <span class='ocrx_word' id='word_1_293' title='bbox 768 3346 977 3407; x_wconf 85' lang='lat' dir='ltr'><strong>expectamus,</strong></span> <span class='ocrx_word' id='word_1_294' title='bbox 999 3337 1170 3405; x_wconf 84' lang='lat' dir='ltr'><strong>extinguen.</strong></span> 
     </span>
     <span class='ocr_line' id='line_1_35' title="bbox 123 3426 1169 3497; baseline -0.002 -14"><span class='ocrx_word' id='word_1_295' title='bbox 123 3432 198 3485; x_wconf 85' lang='lat' dir='ltr'><strong>dum.</strong></span> <span class='ocrx_word' id='word_1_296' title='bbox 233 3432 276 3486; x_wconf 89' lang='lat' dir='ltr'><strong>lta</strong></span> <span class='ocrx_word' id='word_1_297' title='bbox 287 3470 297 3497; x_wconf 91' lang='lat'>‚</span> <span class='ocrx_word' id='word_1_298' title='bbox 315 3432 477 3495; x_wconf 70' lang='lat' dir='ltr'><strong>miscriter,</strong></span> <span class='ocrx_word' id='word_1_299' title='bbox 496 3431 602 3494; x_wconf 78' lang='lat' dir='ltr'><strong>sarim,</strong></span> <span class='ocrx_word' id='word_1_300' title='bbox 620 3438 651 3481; x_wconf 89' lang='lat' dir='ltr'><strong>ut</strong></span> <span class='ocrx_word' id='word_1_301' title='bbox 667 3428 775 3481; x_wconf 84' lang='lat' dir='ltr'><strong>doceas</strong></span> <span class='ocrx_word' id='word_1_302' title='bbox 793 3426 967 3479; x_wconf 84' lang='lat' dir='ltr'><strong>dediscenda</strong></span> <span class='ocrx_word' id='word_1_303' title='bbox 985 3442 1067 3490; x_wconf 85' lang='lat' dir='ltr'><strong>esse,</strong></span> <span class='ocrx_word' id='word_1_304' title='bbox 1094 3444 1169 3497; x_wconf 88' lang='lat' dir='ltr'><strong>quae</strong></span> 
     </span>
     <span class='ocr_line' id='line_1_36' title="bbox 121 3516 1171 3588; baseline -0.002 -16"><span class='ocrx_word' id='word_1_305' title='bbox 121 3520 225 3587; x_wconf 81' lang='lat' dir='ltr'><strong>doces,</strong></span> <span class='ocrx_word' id='word_1_306' title='bbox 243 3534 271 3576; x_wconf 87' lang='lat' dir='ltr'><strong>et</strong></span> <span class='ocrx_word' id='word_1_307' title='bbox 288 3521 380 3574; x_wconf 85' lang='lat' dir='ltr'><strong>sciant</strong></span> <span class='ocrx_word' id='word_1_308' title='bbox 397 3519 529 3588; x_wconf 72' lang='lat' dir='ltr'><strong>fugienda</strong></span> <span class='ocrx_word' id='word_1_309' title='bbox 547 3520 622 3572; x_wconf 85' lang='lat' dir='ltr'><strong>sicut</strong></span> <span class='ocrx_word' id='word_1_310' title='bbox 638 3518 807 3582; x_wconf 80' lang='lat' dir='ltr'><strong>mortifera,</strong></span> <span class='ocrx_word' id='word_1_311' title='bbox 832 3531 1026 3586; x_wconf 87' lang='lat' dir='ltr'><strong>quaecunque</strong></span> <span class='ocrx_word' id='word_1_312' title='bbox 1044 3516 1122 3586; x_wconf 85' lang='lat' dir='ltr'><strong>Papa</strong></span> <span class='ocrx_word' id='word_1_313' title='bbox 1142 3520 1171 3570; x_wconf 82' lang='lat' dir='ltr'><strong>ei</strong></span> 
     </span>
     <span class='ocr_line' id='line_1_37' title="bbox 119 3605 1168 3680; baseline -0.004 -16"><span class='ocrx_word' id='word_1_314' title='bbox 119 3608 251 3680; x_wconf 78' lang='lat' dir='ltr'><strong>Papistae</strong></span> <span class='ocrx_word' id='word_1_315' title='bbox 268 3621 397 3664; x_wconf 84' lang='lat' dir='ltr'><strong>statuunt</strong></span> <span class='ocrx_word' id='word_1_316' title='bbox 414 3625 447 3662; x_wconf 89' lang='lat' dir='ltr'><strong>ne</strong></span> <span class='ocrx_word' id='word_1_317' title='bbox 464 3610 600 3664; x_wconf 81' lang='lat' dir='ltr'><strong>sentiunt.</strong></span> <span class='ocrx_word' id='word_1_318' title='bbox 635 3607 710 3661; x_wconf 87' lang='lat' dir='ltr'><strong>Cum</strong></span> <span class='ocrx_word' id='word_1_319' title='bbox 729 3607 807 3661; x_wconf 82' lang='lat' dir='ltr'><strong>enim</strong></span> <span class='ocrx_word' id='word_1_320' title='bbox 824 3608 852 3660; x_wconf 88' lang='lat' dir='ltr'><strong>vi</strong></span> <span class='ocrx_word' id='word_1_321' title='bbox 868 3621 929 3660; x_wconf 89' lang='lat' dir='ltr'><strong>nou</strong></span> <span class='ocrx_word' id='word_1_322' title='bbox 943 3605 1089 3676; x_wconf 80' lang='lat' dir='ltr'><strong>possimus</strong></span> <span class='ocrx_word' id='word_1_323' title='bbox 1108 3605 1168 3660; x_wconf 88' lang='lat' dir='ltr'><strong>hoo</strong></span> 
     </span>
    </p>
   </div>
   <div class='ocr_carea' id='block_1_3' title="bbox 163 3792 378 3845">
    <p class='ocr_par' dir='ltr' id='par_1_5' title="bbox 163 3792 378 3845">
     <span class='ocr_line' id='line_1_38' title="bbox 163 3792 378 3845; baseline -0.023 -5"><span class='ocrx_word' id='word_1_324' title='bbox 163 3798 185 3845; x_wconf 83' lang='lat' dir='ltr'><strong>ll</strong></span> <span class='ocrx_word' id='word_1_325' title='bbox 199 3792 213 3836; x_wconf 88' lang='lat' dir='ltr'>J</span> <span class='ocrx_word' id='word_1_326' title='bbox 220 3806 263 3838; x_wconf 89' lang='lat' dir='ltr'><strong>eu.</strong></span> <span class='ocrx_word' id='word_1_327' title='bbox 278 3792 378 3836; x_wconf 76' lang='lat' dir='ltr'><strong>intutus.</strong></span> 
     </span>
    </p>
   </div>
   <div class='ocr_carea' id='block_1_4' title="bbox 117 3899 313 3913">
    <p class='ocr_par' dir='ltr' id='par_1_6' title="bbox 117 3899 313 3913">
     <span class='ocr_line' id='line_1_39' title="bbox 117 3899 313 3913; baseline -0.02 0"><span class='ocrx_word' id='word_1_328' title='bbox 117 3899 313 3913; x_wconf 52' lang='lat' dir='ltr'><strong>ffl—</strong></span> 
     </span>
    </p>
   </div>
   <div class='ocr_carea' id='block_1_5' title="bbox 163 3958 741 4020">
    <p class='ocr_par' dir='ltr' id='par_1_7' title="bbox 163 3958 741 4020">
     <span class='ocr_line' id='line_1_40' title="bbox 163 3958 741 4020; baseline -0.014 -4"><span class='ocrx_word' id='word_1_329' title='bbox 163 3970 187 4016; x_wconf 78' lang='grc'><strong>’)</strong></span> <span class='ocrx_word' id='word_1_330' title='bbox 203 3963 282 4020; x_wconf 60' lang='lat' dir='ltr'><strong>§cuci</strong></span> <span class='ocrx_word' id='word_1_331' title='bbox 297 3972 348 4010; x_wconf 77' lang='lat' dir='ltr'><strong>tace</strong></span> <span class='ocrx_word' id='word_1_332' title='bbox 362 3964 427 4019; x_wconf 58' lang='lat' dir='ltr'><strong>crui.</strong></span> <span class='ocrx_word' id='word_1_333' title='bbox 441 3963 478 4011; x_wconf 74' lang='lat' dir='ltr'><strong>tei</strong></span> <span class='ocrx_word' id='word_1_334' title='bbox 492 3960 637 4012; x_wconf 71' lang='lat' dir='ltr'><strong>tituculidttu</strong></span> <span class='ocrx_word' id='word_1_335' title='bbox 651 3958 741 4008; x_wconf 70' lang='lat' dir='ltr'><strong>litati.</strong></span> 
     </span>
    </p>
   </div>
   <div class='ocr_carea' id='block_1_6' title="bbox 0 0 1292 4724">
    <p class='ocr_par' dir='ltr' id='par_1_8' title="bbox 0 0 1292 4724">
     <span class='ocr_line' id='line_1_41' title="bbox 0 0 1292 4724; baseline 0 1"><span class='ocrx_word' id='word_1_336' title='bbox 0 0 1292 4724; x_wconf 95' lang='lat' dir='ltr'><strong> </strong></span> 
     </span>
    </p>
   </div>
  </div>
 </body>
</html>
