2574 4724
170 251 235 330 ⁵66
652 257 744 332 trel.

169 409 232 488 etit
248 413 308 484 tud
325 413 394 484 tritt
405 415 499 482 dnn
513 414 612 481 iiten
626 415 701 484 slot
713 430 745 489 nt
758 413 864 489 fruto
880 415 974 484 duct·
1008 416 1067 480 sn
1078 415 1234 484 mearco

171 511 218 579 tet
234 506 298 577 uod
314 505 438 573 utttoitit
456 506 536 566 litut
553 504 627 563 net.

883 593 1032 657 muninus
1049 597 1174 663 cuuto

845 683 977 758 utiliter
993 698 1026 757 tu
1044 685 1237 760 minentur.

201 1042 242 1100 tt.
265 1039 459 1104 notenses
730 1028 733 1034 ’
762 1005 766 1023 ²
917 1037 970 1097 nt
988 1013 1204 1097 ocxxx1v.

548 1190 600 1263 llo
620 1172 843 1270 coeletis.

216 1344 399 1401 madidetur
411 1347 570 1402 &unstruot
588 1346 626 1396 tel
638 1347 680 1395 Dr.
695 1347 813 1405 &dicul
824 1355 865 1401 tut
877 1344 956 1398 &tute
973 1345 1014 1393 ott
1026 1343 1059 1392 n.
1073 1345 1234 1402 &tenuari

166 1422 261 1472 mido
272 1421 420 1476 uetustior
435 1420 536 1476 artent.

181 1634 548 1692 uoluntariorum.
574 1616 916 1763 oeuxcfiaytiuarrur.
942 1634 1224 1691 ectromate.

270 1841 415 1902 Domino
430 1845 486 1902 M.
505 1845 646 1921 θεον-ςέο
661 1843 854 1919 spalatino,
871 1859 963 1899 seruo
982 1841 1117 1899 Christi.

163 1972 312 2080 Gaura
330 2033 360 2080 et
376 2040 491 2096 pacem.
525 2025 610 2096 Hoc,
628 2027 711 2098 quod
722 2025 815 2082 motio
831 2025 867 2081 ed
882 2035 914 2081 te
931 2023 1055 2093 scribo,
1072 2023 1115 2079 mi
1129 2022 1234 2097 Spain

163 2110 243 2175 titre,
265 2114 393 2182 vellem,
419 2131 479 2186 qua
496 2115 577 2171 soles
593 2113 651 2171 fide
668 2125 698 2170 et
713 2115 878 2186 diligentia,
897 2129 1039 2182 curares,
1060 2112 1091 2168 id
1109 2114 1199 2186 quod
1216 2129 1233 2168 ι

134 2209 144 2228 ·
162 2207 195 2281 te
212 2203 323 2275 petitur
340 2214 368 2258 et
378 2205 553 2277 suppliciter
568 2214 599 2260 et
614 2205 740 2265 fortiter.
774 2204 897 2264 Doctor
907 2205 1101 2274 Stugrnannua
1115 2204 1233 2260 dicitur

64 2347 68 2353 ,
163 2288 332 2349 discessum
347 2293 483 2350 meditari
500 2295 549 2349 vel
567 2294 624 2351 ulio
640 2307 782 2364 vocatus,
804 2295 855 2351 vel
871 2280 909 2348 eo
926 2292 1075 2364 stipendio
1092 2310 1158 2351 non
1178 2311 1234 2365 po.

163 2387 231 2436 tens
249 2381 285 2449 ali
295 2422 306 2450 ,
330 2382 408 2441 sicut
426 2383 557 2441 creditur
573 2384 672 2452 facile,
703 2384 779 2440 Huic
797 2385 961 2440 succedere
979 2383 1060 2454 cupit
1075 2383 1118 2439 D.
1140 2384 1233 2440 Tho.

161 2484 227 2525 mas
253 2461 436 2541 E'schhaus,
456 2475 478 2536 1)
508 2474 555 2534 vir
574 2475 638 2545 jam
664 2483 758 2532 aetate
783 2475 881 2544 gravis
910 2481 939 2530 et
963 2483 1092 2544 accepto
1115 2474 1232 2541 morbo

163 2559 253 2616 simul
270 2577 427 2617 accursum
443 2562 601 2624 hominurn
618 2565 772 2633 amittens,
796 2563 882 2620 anxie
901 2562 1042 2622 solicitan'
1061 2561 1233 2634 incipiens,

162 2667 203 2706 ne
226 2649 255 2705 in
281 2662 437 2710 senectute
461 2638 683 2729 mendicetsid
697 2644 777 2729 quod
798 2654 967 2711 donandum
991 2662 1038 2707 est
1063 2651 1231 2713 infirmitati

162 2729 287 2796 saeculi.
321 2741 391 2796 Jarn
416 2757 491 2800 vero
517 2745 593 2802 cunt
612 2735 648 2801 de
673 2743 834 2806 Academia
859 2745 898 2799 sit
923 2743 999 2798 bene
1023 2744 1176 2811 meritus,
1202 2756 1232 2800 et

163 2822 236 2885 satis
255 2827 384 2887 feliciter
395 2849 466 2904 prae
483 2821 707 2891 aliis'medicar'n
719 2851 783 2892 rem
801 2833 989 2901 exercuerit,
1007 2833 1108 2905 sitque
1127 2836 1231 2890 adhuc

163 2919 296 2994 optimus
316 2930 346 2976 et
362 2922 477 2994 primus
495 2923 572 2982 inter
588 2933 708 2982 nostros
718 2963 733 2992 ,.
746 2924 819 2981 adde
832 2923 914 2996 quod
932 2935 963 2979 et
977 2923 1165 2980 necessitate
1180 2926 1231 2981 hic

161 3026 284 3068 manere
308 3021 447 3084 cogetur,
472 3011 576 3070 deinde
593 3013 757 3071 medicinae
782 3014 958 3086 praesertim
980 3012 1151 3084 practicae,
1180 3018 1231 3071 cui

162 3100 352 3156 sufficiendus
370 3092 432 3170 est,
456 3101 584 3160 testibus
603 3101 785 3161 auditoribus
804 3102 842 3158 sit
860 3087 975 3159 abunde
993 3101 1063 3157 satis
1082 3103 1230 3172 idoneus,

161 3186 221 3246 nec
233 3176 357 3245 dubium'
364 3229 374 3260 ,
392 3189 465 3263 quin
483 3190 590 3248 adhoc
609 3179 646 3248 ub
662 3191 845 3249 auditoribus
861 3192 1030 3266 postuletur
1047 3201 1076 3247 et
1089 3205 1230 3263 rogetur,

162 3279 214 3336 ubi
231 3281 280 3336 ilie
298 3280 489 3350 discesserit,
515 3295 547 3335 ut
564 3281 588 3335 si
607 3281 635 3334 in
653 3281 779 3350 collegio
798 3298 858 3336 non
876 3291 991 3353 potest,
1017 3281 1098 3339 domi
1117 3283 1229 3339 saltem

160 3370 328 3443 praelegat,
354 3379 479 3442 quantur
504 3380 549 3425 est
573 3362 649 3425 illiue
666 3371 836 3438 disciplinae
860 3370 1044 3425 scholarium
1062 3387 1229 3430 numerus:

162 3461 271 3530 dignus
296 3467 361 3529 est,
388 3477 522 3532 proquo
548 3471 577 3516 et
595 3477 651 3516 nos
672 3461 811 3529 oremus,
838 3471 867 3514 et
884 3470 915 3513 tu
938 3459 1062 3514 fideliter
1085 3460 1230 3531 labores,

163 3560 199 3607 ut
215 3550 276 3605 hoc
299 3550 429 3605 auctario
451 3549 617 3606 honoratus
643 3560 671 3605 et
689 3551 823 3622 adjutus,
852 3551 1004 3621 usquead
1026 3549 1116 3604 linem
1135 3568 1229 3608 strum

163 3640 233 3712 <qui
252 3640 329 3695 forte
346 3638 482 3694 velocior
497 3641 598 3695 veniet
618 3656 707 3711 quarn
726 3639 860 3712 putatur)
879 3643 1062 3693 'sustentetur
1079 3641 1156 3709 apud
1170 3659 1229 3697 nos

164 3729 313 3798 honeste,
343 3729 517 3803 pracsertim
537 3745 605 3784 cum
632 3730 661 3784 id
677 3747 735 3785 nec
756 3729 846 3799 gratis
863 3739 964 3799 optet,
991 3738 1020 3782 et
1037 3745 1108 3782 cum
1123 3729 1229 3786 imctu

215 3947 237 3997 t>
251 3946 348 3994 aurit.
368 3946 484 3995 Etchtul.
550 3987 554 3992 .
