<?xml version="1.0" encoding="UTF-8"?>
<!DOCTYPE html PUBLIC "-//W3C//DTD XHTML 1.0 Transitional//EN"
    "http://www.w3.org/TR/xhtml1/DTD/xhtml1-transitional.dtd">
<html xmlns="http://www.w3.org/1999/xhtml" xml:lang="en" lang="en">
 <head>
  <title>
</title>
<meta http-equiv="Content-Type" content="text/html;charset=utf-8" />
  <meta name='ocr-system' content='tesseract 3.04.00' />
  <meta name='ocr-capabilities' content='ocr_page ocr_carea ocr_par ocr_line ocrx_word'/>
</head>
<body>
  <div class='ocr_page' id='page_1' title='image "./briefesendschre03luthgoog/briefesendschre03luthgoog_0270.png"; bbox 0 0 2574 4724; ppageno 0'>
   <div class='ocr_carea' id='block_1_1' title="bbox 96 262 770 492">
    <p class='ocr_par' dir='ltr' id='par_1_1' title="bbox 96 262 770 492">
     <span class='ocr_line' id='line_1_1' title="bbox 96 262 770 337; baseline 0.003 -6"><span class='ocrx_word' id='word_1_1' title='bbox 96 320 100 331; x_wconf 89' lang='lat'><em>.</em></span> <span class='ocrx_word' id='word_1_2' title='bbox 191 267 251 337; x_wconf 75' lang='grc'>246</span> <span class='ocrx_word' id='word_1_3' title='bbox 328 262 331 268; x_wconf 76' lang='grc'>’</span> <span class='ocrx_word' id='word_1_4' title='bbox 669 267 770 335; x_wconf 68' lang='grc'>11522.</span> 
     </span>
     <span class='ocr_line' id='line_1_2' title="bbox 225 424 497 492; baseline 0.011 -11"><span class='ocrx_word' id='word_1_5' title='bbox 225 431 266 483; x_wconf 84' lang='lat' dir='ltr'>to.</span> <span class='ocrx_word' id='word_1_6' title='bbox 284 424 497 492; x_wconf 69' lang='lat' dir='ltr'>esitantes.</span> 
     </span>
    </p>
   </div>
   <div class='ocr_carea' id='block_1_2' title="bbox 569 571 911 653">
    <p class='ocr_par' dir='ltr' id='par_1_2' title="bbox 569 571 911 653">
     <span class='ocr_line' id='line_1_3' title="bbox 569 571 911 653; baseline -0.012 -10"><span class='ocrx_word' id='word_1_7' title='bbox 569 575 617 643; x_wconf 73' lang='lat' dir='ltr'>itu</span> <span class='ocrx_word' id='word_1_8' title='bbox 640 571 857 653; x_wconf 60' lang='lat' dir='ltr'>&amp;pataria</span> <span class='ocrx_word' id='word_1_9' title='bbox 908 628 911 639; x_wconf 94' lang='lat'><em>.</em></span> 
     </span>
    </p>
   </div>
   <div class='ocr_carea' id='block_1_3' title="bbox 189 725 1236 1082">
    <p class='ocr_par' dir='ltr' id='par_1_3' title="bbox 189 725 1236 1082">
     <span class='ocr_line' id='line_1_4' title="bbox 239 725 1235 787; baseline -0.008 -3"><span class='ocrx_word' id='word_1_10' title='bbox 239 736 263 784; x_wconf 70' lang='lat'>8.</span> <span class='ocrx_word' id='word_1_11' title='bbox 277 731 350 781; x_wconf 78' lang='lat' dir='ltr'>tairtt</span> <span class='ocrx_word' id='word_1_12' title='bbox 363 734 425 784; x_wconf 60' lang='lat' dir='ltr'>aaa</span> <span class='ocrx_word' id='word_1_13' title='bbox 443 730 485 783; x_wconf 78' lang='lat' dir='ltr'>tal</span> <span class='ocrx_word' id='word_1_14' title='bbox 503 740 527 780; x_wconf 81' lang='lat' dir='ltr'>rt</span> <span class='ocrx_word' id='word_1_15' title='bbox 540 731 584 778; x_wconf 81' lang='lat' dir='ltr'>aut</span> <span class='ocrx_word' id='word_1_16' title='bbox 598 728 781 785; x_wconf 69' lang='lat' dir='ltr'>uadatrttatrtt</span> <span class='ocrx_word' id='word_1_17' title='bbox 796 737 865 781; x_wconf 80' lang='lat' dir='ltr'>arara</span> <span class='ocrx_word' id='word_1_18' title='bbox 878 729 920 774; x_wconf 82' lang='lat' dir='ltr'>tra</span> <span class='ocrx_word' id='word_1_19' title='bbox 932 725 982 787; x_wconf 68' lang='lat' dir='ltr'>tias</span> <span class='ocrx_word' id='word_1_20' title='bbox 991 725 1113 782; x_wconf 69' lang='lat' dir='ltr'>turmot</span> <span class='ocrx_word' id='word_1_21' title='bbox 1126 728 1173 774; x_wconf 78' lang='lat' dir='ltr'>aut</span> <span class='ocrx_word' id='word_1_22' title='bbox 1184 726 1235 776; x_wconf 59' lang='grc' dir='ltr'>δατ*</span> 
     </span>
     <span class='ocr_line' id='line_1_5' title="bbox 191 798 1235 863; baseline -0.015 0"><span class='ocrx_word' id='word_1_23' title='bbox 191 798 226 863; x_wconf 68' lang='lat' dir='ltr'>iti</span> <span class='ocrx_word' id='word_1_24' title='bbox 240 818 308 863; x_wconf 76' lang='lat' dir='ltr'>stara</span> <span class='ocrx_word' id='word_1_25' title='bbox 321 809 388 855; x_wconf 84' lang='lat' dir='ltr'>tlara</span> <span class='ocrx_word' id='word_1_26' title='bbox 400 808 504 862; x_wconf 69' lang='lat' dir='ltr'>aratam</span> <span class='ocrx_word' id='word_1_27' title='bbox 517 807 599 857; x_wconf 59' lang='lat' dir='ltr'>detta</span> <span class='ocrx_word' id='word_1_28' title='bbox 616 805 710 855; x_wconf 72' lang='lat' dir='ltr'>urturr</span> <span class='ocrx_word' id='word_1_29' title='bbox 726 805 786 855; x_wconf 79' lang='lat' dir='ltr'>tetur</span> <span class='ocrx_word' id='word_1_30' title='bbox 799 805 898 857; x_wconf 65' lang='lat' dir='ltr'>ditaret</span> <span class='ocrx_word' id='word_1_31' title='bbox 914 799 961 848; x_wconf 80' lang='lat' dir='ltr'>tait</span> <span class='ocrx_word' id='word_1_32' title='bbox 972 802 1035 848; x_wconf 79' lang='lat' dir='ltr'>rtart</span> <span class='ocrx_word' id='word_1_33' title='bbox 1047 802 1135 848; x_wconf 76' lang='lat' dir='ltr'>antem</span> <span class='ocrx_word' id='word_1_34' title='bbox 1148 807 1235 847; x_wconf 72' lang='lat' dir='ltr'>satta</span> 
     </span>
     <span class='ocr_line' id='line_1_6' title="bbox 190 873 1234 936; baseline -0.011 -3"><span class='ocrx_word' id='word_1_35' title='bbox 190 882 251 936; x_wconf 70' lang='lat' dir='ltr'>tura</span> <span class='ocrx_word' id='word_1_36' title='bbox 264 884 355 932; x_wconf 61' lang='lat' dir='ltr'>mutter</span> <span class='ocrx_word' id='word_1_37' title='bbox 370 891 412 928; x_wconf 84' lang='lat' dir='ltr'>unt</span> <span class='ocrx_word' id='word_1_38' title='bbox 424 881 485 930; x_wconf 73' lang='lat' dir='ltr'>altit</span> <span class='ocrx_word' id='word_1_39' title='bbox 498 881 570 931; x_wconf 69' lang='lat' dir='ltr'>sitem</span> <span class='ocrx_word' id='word_1_40' title='bbox 583 881 642 930; x_wconf 77' lang='lat' dir='ltr'>tetta</span> <span class='ocrx_word' id='word_1_41' title='bbox 656 889 681 931; x_wconf 74' lang='lat' dir='ltr'>aa</span> <span class='ocrx_word' id='word_1_42' title='bbox 696 879 787 928; x_wconf 74' lang='lat' dir='ltr'>mitat</span> <span class='ocrx_word' id='word_1_43' title='bbox 813 876 907 928; x_wconf 62' lang='lat' dir='ltr'>(touta</span> <span class='ocrx_word' id='word_1_44' title='bbox 919 877 958 922; x_wconf 79' lang='lat' dir='ltr'>eta</span> <span class='ocrx_word' id='word_1_45' title='bbox 971 874 1159 930; x_wconf 76' lang='lat' dir='ltr'>aaararrtlttdtrt</span> <span class='ocrx_word' id='word_1_46' title='bbox 1174 873 1234 925; x_wconf 71' lang='lat' dir='ltr'>sitii·</span> 
     </span>
     <span class='ocr_line' id='line_1_7' title="bbox 189 947 1236 1007; baseline -0.009 -5"><span class='ocrx_word' id='word_1_47' title='bbox 189 953 333 1007; x_wconf 75' lang='lat' dir='ltr'>tertiattti</span> <span class='ocrx_word' id='word_1_48' title='bbox 352 955 393 1007; x_wconf 76' lang='lat' dir='ltr'>tat</span> <span class='ocrx_word' id='word_1_49' title='bbox 411 953 535 1002; x_wconf 78' lang='lat' dir='ltr'>ttnrttatrr</span> <span class='ocrx_word' id='word_1_50' title='bbox 551 953 621 1002; x_wconf 79' lang='lat' dir='ltr'>ttettt</span> <span class='ocrx_word' id='word_1_51' title='bbox 639 952 682 1001; x_wconf 79' lang='lat' dir='ltr'>aui</span> <span class='ocrx_word' id='word_1_52' title='bbox 698 949 810 1000; x_wconf 72' lang='lat' dir='ltr'>turstatt</span> <span class='ocrx_word' id='word_1_53' title='bbox 825 949 933 1001; x_wconf 48' lang='lat' dir='ltr'>triuerat</span> <span class='ocrx_word' id='word_1_54' title='bbox 951 947 989 995; x_wconf 78' lang='lat' dir='ltr'>att</span> <span class='ocrx_word' id='word_1_55' title='bbox 1005 951 1073 995; x_wconf 81' lang='lat' dir='ltr'>turttt</span> <span class='ocrx_word' id='word_1_56' title='bbox 1090 949 1163 999; x_wconf 76' lang='lat' dir='ltr'>aletes</span> <span class='ocrx_word' id='word_1_57' title='bbox 1180 949 1236 1000; x_wconf 77' lang='lat' dir='ltr'>tetur</span> 
     </span>
     <span class='ocr_line' id='line_1_8' title="bbox 189 1022 1184 1082; baseline -0.011 -4"><span class='ocrx_word' id='word_1_58' title='bbox 189 1029 288 1082; x_wconf 67' lang='lat' dir='ltr'>staura</span> <span class='ocrx_word' id='word_1_59' title='bbox 301 1028 402 1079; x_wconf 73' lang='lat' dir='ltr'>datarus</span> <span class='ocrx_word' id='word_1_60' title='bbox 416 1028 464 1079; x_wconf 58' lang='lat' dir='ltr'>&amp;a</span> <span class='ocrx_word' id='word_1_61' title='bbox 478 1027 542 1081; x_wconf 77' lang='lat' dir='ltr'>tutte</span> <span class='ocrx_word' id='word_1_62' title='bbox 554 1023 607 1078; x_wconf 71' lang='lat' dir='ltr'>blut</span> <span class='ocrx_word' id='word_1_63' title='bbox 620 1025 646 1072; x_wconf 85' lang='lat' dir='ltr'>tn</span> <span class='ocrx_word' id='word_1_64' title='bbox 659 1025 729 1076; x_wconf 77' lang='lat' dir='ltr'>ttrtrr</span> <span class='ocrx_word' id='word_1_65' title='bbox 743 1022 922 1077; x_wconf 64' lang='lat' dir='ltr'>uastitatatrtt</span> <span class='ocrx_word' id='word_1_66' title='bbox 935 1031 965 1069; x_wconf 86' lang='lat' dir='ltr'>aa</span> <span class='ocrx_word' id='word_1_67' title='bbox 978 1022 1007 1070; x_wconf 81' lang='lat' dir='ltr'>st</span> <span class='ocrx_word' id='word_1_68' title='bbox 1020 1022 1184 1076; x_wconf 66' lang='lat' dir='ltr'>ariditatem)</span> 
     </span>
    </p>
   </div>
   <div class='ocr_carea' id='block_1_4' title="bbox 638 1160 779 1176">
    <p class='ocr_par' dir='ltr' id='par_1_4' title="bbox 638 1160 779 1176">
     <span class='ocr_line' id='line_1_9' title="bbox 638 1160 779 1176; baseline -0.014 0"><span class='ocrx_word' id='word_1_69' title='bbox 638 1160 779 1176; x_wconf 50' lang='grc' dir='ltr'><strong><em>Μ</em></strong></span> 
     </span>
    </p>
   </div>
   <div class='ocr_carea' id='block_1_5' title="bbox 322 1247 1096 1315">
    <p class='ocr_par' dir='ltr' id='par_1_5' title="bbox 322 1247 1096 1315">
     <span class='ocr_line' id='line_1_10' title="bbox 322 1247 1096 1315; baseline -0.006 -8"><span class='ocrx_word' id='word_1_70' title='bbox 322 1262 375 1315; x_wconf 64' lang='lat' dir='ltr'>ssta</span> <span class='ocrx_word' id='word_1_71' title='bbox 387 1260 551 1306; x_wconf 78' lang='lat' dir='ltr'>Antilaber</span> <span class='ocrx_word' id='word_1_72' title='bbox 563 1255 592 1306; x_wconf 90' lang='lat' dir='ltr'>Il.</span> <span class='ocrx_word' id='word_1_73' title='bbox 606 1259 639 1308; x_wconf 84' lang='lat' dir='ltr'>tt.</span> <span class='ocrx_word' id='word_1_74' title='bbox 652 1259 674 1309; x_wconf 84' lang='lat' dir='ltr'>b.</span> <span class='ocrx_word' id='word_1_75' title='bbox 700 1256 800 1312; x_wconf 68' lang='lat' dir='ltr'>Sbtutftlt</span> <span class='ocrx_word' id='word_1_76' title='bbox 813 1260 853 1310; x_wconf 75' lang='lat' dir='ltr'>itu</span> <span class='ocrx_word' id='word_1_77' title='bbox 866 1254 960 1307; x_wconf 55' lang='lat' dir='ltr'>wald</span> <span class='ocrx_word' id='word_1_78' title='bbox 973 1247 1037 1302; x_wconf 75' lang='lat' dir='ltr'>XXI.</span> <span class='ocrx_word' id='word_1_79' title='bbox 1049 1256 1096 1303; x_wconf 72' lang='lat' dir='ltr'>dm.</span> 
     </span>
    </p>
   </div>
   <div class='ocr_carea' id='block_1_6' title="bbox 140 1365 1243 3989">
    <p class='ocr_par' dir='ltr' id='par_1_6' title="bbox 189 1365 1239 2197">
     <span class='ocr_line' id='line_1_11' title="bbox 191 1365 1236 1481; baseline -0.003 -18"><span class='ocrx_word' id='word_1_80' title='bbox 191 1365 303 1465; x_wconf 78' lang='lat' dir='ltr'>Gratia</span> <span class='ocrx_word' id='word_1_81' title='bbox 321 1422 350 1465; x_wconf 90' lang='lat' dir='ltr'>et</span> <span class='ocrx_word' id='word_1_82' title='bbox 372 1426 431 1481; x_wconf 81' lang='lat' dir='ltr'>pax</span> <span class='ocrx_word' id='word_1_83' title='bbox 455 1410 484 1464; x_wconf 89' lang='lat' dir='ltr'>in</span> <span class='ocrx_word' id='word_1_84' title='bbox 506 1410 638 1465; x_wconf 88' lang='lat' dir='ltr'>Christo.</span> <span class='ocrx_word' id='word_1_85' title='bbox 672 1408 737 1463; x_wconf 81' lang='lat' dir='ltr'>Vidi</span> <span class='ocrx_word' id='word_1_86' title='bbox 760 1409 860 1463; x_wconf 77' lang='lat' dir='ltr'>literas</span> <span class='ocrx_word' id='word_1_87' title='bbox 883 1412 950 1462; x_wconf 90' lang='lat' dir='ltr'>tuas</span> <span class='ocrx_word' id='word_1_88' title='bbox 973 1405 1008 1460; x_wconf 85' lang='lat' dir='ltr'>ad</span> <span class='ocrx_word' id='word_1_89' title='bbox 1035 1404 1236 1462; x_wconf 82' lang='lat' dir='ltr'>Antsdorliam</span> 
     </span>
     <span class='ocr_line' id='line_1_12' title="bbox 190 1498 1236 1570; baseline -0.002 -18"><span class='ocrx_word' id='word_1_90' title='bbox 190 1500 315 1570; x_wconf 88' lang='lat' dir='ltr'>scriptas</span> <span class='ocrx_word' id='word_1_91' title='bbox 333 1500 368 1553; x_wconf 87' lang='lat' dir='ltr'>de</span> <span class='ocrx_word' id='word_1_92' title='bbox 387 1500 553 1553; x_wconf 88' lang='lat' dir='ltr'>sacerdotio</span> <span class='ocrx_word' id='word_1_93' title='bbox 572 1498 706 1570; x_wconf 80' lang='lat' dir='ltr'>Creytzis</span> <span class='ocrx_word' id='word_1_94' title='bbox 724 1508 801 1563; x_wconf 88' lang='lat' dir='ltr'>etc.,</span> <span class='ocrx_word' id='word_1_95' title='bbox 821 1508 850 1552; x_wconf 91' lang='lat' dir='ltr'>et</span> <span class='ocrx_word' id='word_1_96' title='bbox 867 1499 950 1569; x_wconf 87' lang='lat' dir='ltr'>plane</span> <span class='ocrx_word' id='word_1_97' title='bbox 968 1498 1076 1564; x_wconf 89' lang='lat' dir='ltr'>doleo,</span> <span class='ocrx_word' id='word_1_98' title='bbox 1102 1509 1236 1550; x_wconf 83' lang='lat' dir='ltr'>nontam</span> 
     </span>
     <span class='ocr_line' id='line_1_13' title="bbox 191 1584 1236 1659; baseline -0.003 -17"><span class='ocrx_word' id='word_1_99' title='bbox 191 1588 267 1642; x_wconf 87' lang='lat' dir='ltr'>illius</span> <span class='ocrx_word' id='word_1_100' title='bbox 286 1605 374 1659; x_wconf 85' lang='lat' dir='ltr'>quam</span> <span class='ocrx_word' id='word_1_101' title='bbox 391 1598 439 1641; x_wconf 90' lang='lat' dir='ltr'>tua</span> <span class='ocrx_word' id='word_1_102' title='bbox 456 1587 560 1656; x_wconf 78' lang='lat' dir='ltr'>gratia,</span> <span class='ocrx_word' id='word_1_103' title='bbox 578 1590 628 1658; x_wconf 92' lang='lat' dir='ltr'>qui</span> <span class='ocrx_word' id='word_1_104' title='bbox 647 1589 690 1641; x_wconf 87' lang='lat' dir='ltr'>sic</span> <span class='ocrx_word' id='word_1_105' title='bbox 708 1586 869 1641; x_wconf 83' lang='lat' dir='ltr'>sis-aulicis</span> <span class='ocrx_word' id='word_1_106' title='bbox 888 1586 1040 1640; x_wconf 80' lang='lat' dir='ltr'>affectibus</span> <span class='ocrx_word' id='word_1_107' title='bbox 1059 1584 1192 1640; x_wconf 86' lang='lat' dir='ltr'>imbutus</span> <span class='ocrx_word' id='word_1_108' title='bbox 1208 1594 1236 1639; x_wconf 91' lang='lat' dir='ltr'>et</span> 
     </span>
     <span class='ocr_line' id='line_1_14' title="bbox 189 1677 1237 1749; baseline -0.003 -16"><span class='ocrx_word' id='word_1_109' title='bbox 189 1679 367 1747; x_wconf 87' lang='lat' dir='ltr'>immersus,</span> <span class='ocrx_word' id='word_1_110' title='bbox 385 1689 417 1733; x_wconf 90' lang='lat' dir='ltr'>ut</span> <span class='ocrx_word' id='word_1_111' title='bbox 434 1689 492 1734; x_wconf 87' lang='lat' dir='ltr'>tam</span> <span class='ocrx_word' id='word_1_112' title='bbox 511 1695 614 1749; x_wconf 86' lang='lat' dir='ltr'>parum</span> <span class='ocrx_word' id='word_1_113' title='bbox 632 1677 790 1732; x_wconf 69' lang='lat' dir='ltr'>christiane</span> <span class='ocrx_word' id='word_1_114' title='bbox 808 1679 845 1731; x_wconf 91' lang='lat' dir='ltr'>de</span> <span class='ocrx_word' id='word_1_115' title='bbox 863 1680 951 1731; x_wconf 79' lang='lat' dir='ltr'>fratre</span> <span class='ocrx_word' id='word_1_116' title='bbox 968 1687 1020 1730; x_wconf 91' lang='lat' dir='ltr'>tuo</span> <span class='ocrx_word' id='word_1_117' title='bbox 1038 1687 1068 1731; x_wconf 92' lang='lat' dir='ltr'>et</span> <span class='ocrx_word' id='word_1_118' title='bbox 1085 1677 1197 1731; x_wconf 86' lang='lat' dir='ltr'>sentias</span> <span class='ocrx_word' id='word_1_119' title='bbox 1208 1686 1237 1730; x_wconf 90' lang='lat' dir='ltr'>et</span> 
     </span>
     <span class='ocr_line' id='line_1_15' title="bbox 190 1766 1237 1839; baseline -0.004 -16"><span class='ocrx_word' id='word_1_120' title='bbox 190 1769 316 1823; x_wconf 81' lang='lat' dir='ltr'><strong>scribas.</strong></span> <span class='ocrx_word' id='word_1_121' title='bbox 347 1769 419 1834; x_wconf 81' lang='lat' dir='ltr'>Ais,</span> <span class='ocrx_word' id='word_1_122' title='bbox 436 1779 465 1822; x_wconf 88' lang='lat' dir='ltr'>te</span> <span class='ocrx_word' id='word_1_123' title='bbox 484 1771 548 1822; x_wconf 83' lang='lat' dir='ltr'>lore</span> <span class='ocrx_word' id='word_1_124' title='bbox 567 1770 729 1824; x_wconf 82' lang='lat' dir='ltr'>cautiorem</span> <span class='ocrx_word' id='word_1_125' title='bbox 747 1769 905 1839; x_wconf 84' lang='lat' dir='ltr'>deinceps,</span> <span class='ocrx_word' id='word_1_126' title='bbox 923 1776 952 1820; x_wconf 89' lang='lat' dir='ltr'>et</span> <span class='ocrx_word' id='word_1_127' title='bbox 969 1766 1049 1820; x_wconf 88' lang='lat' dir='ltr'>nolle</span> <span class='ocrx_word' id='word_1_128' title='bbox 1067 1766 1179 1821; x_wconf 83' lang='lat' dir='ltr'>alienae</span> <span class='ocrx_word' id='word_1_129' title='bbox 1197 1766 1237 1819; x_wconf 90' lang='lat' dir='ltr'>in.</span> 
     </span>
     <span class='ocr_line' id='line_1_16' title="bbox 190 1839 1237 1928; baseline -0.003 -16"><span class='ocrx_word' id='word_1_130' title='bbox 190 1857 373 1912; x_wconf 76' lang='lat' dir='ltr'>constantiae</span> <span class='ocrx_word' id='word_1_131' title='bbox 390 1858 525 1925; x_wconf 83' lang='lat' dir='ltr'>misceri,</span> <span class='ocrx_word' id='word_1_132' title='bbox 544 1869 572 1911; x_wconf 91' lang='lat' dir='ltr'>et</span> <span class='ocrx_word' id='word_1_133' title='bbox 589 1858 694 1913; x_wconf 80' lang='lat' dir='ltr'>nesciri</span> <span class='ocrx_word' id='word_1_134' title='bbox 706 1873 780 1928; x_wconf 85' lang='lat' dir='ltr'>quae</span> <span class='ocrx_word' id='word_1_135' title='bbox 794 1858 928 1924; x_wconf 76' lang='lat' dir='ltr'>grandia,</span> <span class='ocrx_word' id='word_1_136' title='bbox 946 1847 1029 1910; x_wconf 80' lang='lat' dir='ltr'>itaut</span> <span class='ocrx_word' id='word_1_137' title='bbox 1039 1871 1089 1908; x_wconf 88' lang='lat' dir='ltr'>me</span> <span class='ocrx_word' id='word_1_138' title='bbox 1102 1839 1237 1924; x_wconf 64' lang='lat' dir='ltr'>eotgeris</span> 
     </span>
     <span class='ocr_line' id='line_1_17' title="bbox 190 1945 1237 2015; baseline -0.003 -13"><span class='ocrx_word' id='word_1_139' title='bbox 190 1947 266 2002; x_wconf 85' lang='lat' dir='ltr'>haec</span> <span class='ocrx_word' id='word_1_140' title='bbox 283 1947 319 2000; x_wconf 88' lang='lat' dir='ltr'>ad</span> <span class='ocrx_word' id='word_1_141' title='bbox 335 1957 364 2002; x_wconf 92' lang='lat' dir='ltr'>te</span> <span class='ocrx_word' id='word_1_142' title='bbox 388 1945 520 2002; x_wconf 85' lang='lat' dir='ltr'>scribere</span> <span class='ocrx_word' id='word_1_143' title='bbox 544 1949 673 2002; x_wconf 81' lang='lat' dir='ltr'>iratemo</span> <span class='ocrx_word' id='word_1_144' title='bbox 698 1957 779 2001; x_wconf 88' lang='lat' dir='ltr'>certe</span> <span class='ocrx_word' id='word_1_145' title='bbox 803 1948 919 2001; x_wconf 88' lang='lat' dir='ltr'>animo:</span> <span class='ocrx_word' id='word_1_146' title='bbox 945 1955 977 1999; x_wconf 95' lang='lat' dir='ltr'>tu</span> <span class='ocrx_word' id='word_1_147' title='bbox 1000 1945 1086 2015; x_wconf 84' lang='lat' dir='ltr'>igitur</span> <span class='ocrx_word' id='word_1_148' title='bbox 1108 1945 1237 1999; x_wconf 78' lang='lat' dir='ltr'>fraterno</span> 
     </span>
     <span class='ocr_line' id='line_1_18' title="bbox 191 2034 1239 2109; baseline -0.002 -19"><span class='ocrx_word' id='word_1_149' title='bbox 191 2053 311 2109; x_wconf 89' lang='lat' dir='ltr'>quoque</span> <span class='ocrx_word' id='word_1_150' title='bbox 328 2037 426 2091; x_wconf 86' lang='lat' dir='ltr'>animo</span> <span class='ocrx_word' id='word_1_151' title='bbox 442 2038 519 2092; x_wconf 86' lang='lat' dir='ltr'>haec</span> <span class='ocrx_word' id='word_1_152' title='bbox 536 2039 687 2105; x_wconf 77' lang='lat' dir='ltr'>admittas,</span> <span class='ocrx_word' id='word_1_153' title='bbox 712 2054 768 2092; x_wconf 94' lang='lat' dir='ltr'>oro</span> <span class='ocrx_word' id='word_1_154' title='bbox 788 2053 843 2108; x_wconf 92' lang='lat' dir='ltr'>per</span> <span class='ocrx_word' id='word_1_155' title='bbox 860 2036 1022 2090; x_wconf 80' lang='lat' dir='ltr'>Claristnm.</span> <span class='ocrx_word' id='word_1_156' title='bbox 1055 2034 1105 2089; x_wconf 86' lang='lat' dir='ltr'>Sin</span> <span class='ocrx_word' id='word_1_157' title='bbox 1124 2045 1239 2100; x_wconf 86' lang='lat' dir='ltr'>autem,</span> 
     </span>
     <span class='ocr_line' id='line_1_19' title="bbox 190 2124 1126 2197; baseline 0 -17"><span class='ocrx_word' id='word_1_158' title='bbox 190 2127 350 2181; x_wconf 83' lang='lat' dir='ltr'>certiorem</span> <span class='ocrx_word' id='word_1_159' title='bbox 366 2143 415 2182; x_wconf 91' lang='lat' dir='ltr'>me</span> <span class='ocrx_word' id='word_1_160' title='bbox 434 2128 539 2192; x_wconf 90' lang='lat' dir='ltr'>redde,</span> <span class='ocrx_word' id='word_1_161' title='bbox 556 2137 586 2182; x_wconf 92' lang='lat' dir='ltr'>et</span> <span class='ocrx_word' id='word_1_162' title='bbox 603 2128 695 2197; x_wconf 77' lang='lat' dir='ltr'>magis</span> <span class='ocrx_word' id='word_1_163' title='bbox 712 2136 812 2181; x_wconf 89' lang='lat' dir='ltr'>mutus</span> <span class='ocrx_word' id='word_1_164' title='bbox 829 2142 897 2193; x_wconf 90' lang='lat' dir='ltr'>ero,</span> <span class='ocrx_word' id='word_1_165' title='bbox 916 2140 1005 2196; x_wconf 90' lang='lat' dir='ltr'>quam</span> <span class='ocrx_word' id='word_1_166' title='bbox 1022 2124 1126 2194; x_wconf 88' lang='lat' dir='ltr'>piscis.</span> 
     </span>
    </p>

    <p class='ocr_par' dir='ltr' id='par_1_7' title="bbox 140 2202 1243 3989">
     <span class='ocr_line' id='line_1_20' title="bbox 256 2202 1240 2283; baseline -0.005 -12"><span class='ocrx_word' id='word_1_167' title='bbox 256 2216 286 2271; x_wconf 89' lang='lat' dir='ltr'>T</span> <span class='ocrx_word' id='word_1_168' title='bbox 287 2233 308 2268; x_wconf 91' lang='lat' dir='ltr'>u</span> <span class='ocrx_word' id='word_1_169' title='bbox 325 2216 350 2270; x_wconf 88' lang='lat' dir='ltr'>si</span> <span class='ocrx_word' id='word_1_170' title='bbox 369 2232 431 2270; x_wconf 87' lang='lat' dir='ltr'>rem</span> <span class='ocrx_word' id='word_1_171' title='bbox 448 2202 531 2271; x_wconf 82' lang='lat' dir='ltr'>recte</span> <span class='ocrx_word' id='word_1_172' title='bbox 546 2215 736 2282; x_wconf 86' lang='lat' dir='ltr'>consideres,</span> <span class='ocrx_word' id='word_1_173' title='bbox 753 2215 831 2270; x_wconf 84' lang='lat' dir='ltr'>nosti</span> <span class='ocrx_word' id='word_1_174' title='bbox 848 2214 1001 2283; x_wconf 84' lang='lat' dir='ltr'>hominem</span> <span class='ocrx_word' id='word_1_175' title='bbox 1019 2231 1079 2268; x_wconf 92' lang='lat' dir='ltr'>non</span> <span class='ocrx_word' id='word_1_176' title='bbox 1096 2230 1167 2268; x_wconf 89' lang='lat' dir='ltr'>esse</span> <span class='ocrx_word' id='word_1_177' title='bbox 1179 2231 1240 2268; x_wconf 86' lang='lat' dir='ltr'>ma.</span> 
     </span>
     <span class='ocr_line' id='line_1_21' title="bbox 190 2304 1240 2377; baseline -0.001 -18"><span class='ocrx_word' id='word_1_178' title='bbox 190 2306 271 2372; x_wconf 89' lang='lat' dir='ltr'>lum,</span> <span class='ocrx_word' id='word_1_179' title='bbox 290 2305 392 2360; x_wconf 88' lang='lat' dir='ltr'>deinde</span> <span class='ocrx_word' id='word_1_180' title='bbox 411 2306 491 2377; x_wconf 90' lang='lat' dir='ltr'>quod</span> <span class='ocrx_word' id='word_1_181' title='bbox 508 2307 544 2359; x_wconf 88' lang='lat' dir='ltr'>dc</span> <span class='ocrx_word' id='word_1_182' title='bbox 562 2306 701 2360; x_wconf 88' lang='lat' dir='ltr'>mutando</span> <span class='ocrx_word' id='word_1_183' title='bbox 713 2305 881 2359; x_wconf 86' lang='lat' dir='ltr'>sacerdotio</span> <span class='ocrx_word' id='word_1_184' title='bbox 894 2305 967 2374; x_wconf 82' lang='lat' dir='ltr'>agit,</span> <span class='ocrx_word' id='word_1_185' title='bbox 984 2320 1041 2358; x_wconf 86' lang='lat' dir='ltr'>nec</span> <span class='ocrx_word' id='word_1_186' title='bbox 1053 2304 1171 2359; x_wconf 81' lang='lat' dir='ltr'>leuitate</span> <span class='ocrx_word' id='word_1_187' title='bbox 1184 2322 1240 2358; x_wconf 88' lang='lat' dir='ltr'>nec</span> 
     </span>
     <span class='ocr_line' id='line_1_22' title="bbox 191 2379 1242 2464; baseline -0.001 -17"><span class='ocrx_word' id='word_1_188' title='bbox 191 2394 387 2448; x_wconf 77' lang='lat' dir='ltr'>inconstantia</span> <span class='ocrx_word' id='word_1_189' title='bbox 405 2393 494 2461; x_wconf 85' lang='lat' dir='ltr'>ferri,</span> <span class='ocrx_word' id='word_1_190' title='bbox 513 2395 565 2448; x_wconf 88' lang='lat' dir='ltr'>sed</span> <span class='ocrx_word' id='word_1_191' title='bbox 583 2410 697 2448; x_wconf 89' lang='lat' dir='ltr'>summa</span> <span class='ocrx_word' id='word_1_192' title='bbox 714 2379 893 2447; x_wconf 76' lang='lat' dir='ltr'>necessitate</span> <span class='ocrx_word' id='word_1_193' title='bbox 906 2403 934 2446; x_wconf 90' lang='lat' dir='ltr'>et</span> <span class='ocrx_word' id='word_1_194' title='bbox 946 2392 1070 2463; x_wconf 85' lang='lat' dir='ltr'>imperio</span> <span class='ocrx_word' id='word_1_195' title='bbox 1088 2393 1164 2464; x_wconf 89' lang='lat' dir='ltr'>(quo</span> <span class='ocrx_word' id='word_1_196' title='bbox 1177 2394 1242 2446; x_wconf 88' lang='lat' dir='ltr'>nul.</span> 
     </span>
     <span class='ocr_line' id='line_1_23' title="bbox 191 2481 1242 2550; baseline 0 -14"><span class='ocrx_word' id='word_1_197' title='bbox 191 2483 253 2536; x_wconf 90' lang='lat' dir='ltr'>lum</span> <span class='ocrx_word' id='word_1_198' title='bbox 279 2494 324 2538; x_wconf 89' lang='lat' dir='ltr'>est</span> <span class='ocrx_word' id='word_1_199' title='bbox 349 2483 443 2549; x_wconf 81' lang='lat' dir='ltr'>majus</span> <span class='ocrx_word' id='word_1_200' title='bbox 468 2482 498 2538; x_wconf 87' lang='lat' dir='ltr'>in</span> <span class='ocrx_word' id='word_1_201' title='bbox 522 2482 602 2537; x_wconf 91' lang='lat' dir='ltr'>omni</span> <span class='ocrx_word' id='word_1_202' title='bbox 628 2483 772 2547; x_wconf 88' lang='lat' dir='ltr'>creatura)</span> <span class='ocrx_word' id='word_1_203' title='bbox 800 2482 1016 2550; x_wconf 85' lang='lat' dir='ltr'>conscientiae,</span> <span class='ocrx_word' id='word_1_204' title='bbox 1041 2481 1097 2535; x_wconf 87' lang='lat' dir='ltr'>nisi</span> <span class='ocrx_word' id='word_1_205' title='bbox 1122 2483 1242 2548; x_wconf 88' lang='lat' dir='ltr'>nescis,</span> 
     </span>
     <span class='ocr_line' id='line_1_24' title="bbox 192 2572 1243 2644; baseline 0.004 -21"><span class='ocrx_word' id='word_1_206' title='bbox 192 2582 299 2643; x_wconf 89' lang='lat' dir='ltr'>quanta</span> <span class='ocrx_word' id='word_1_207' title='bbox 317 2572 468 2642; x_wconf 90' lang='lat' dir='ltr'>tyrannide</span> <span class='ocrx_word' id='word_1_208' title='bbox 486 2582 515 2626; x_wconf 88' lang='lat' dir='ltr'>et</span> <span class='ocrx_word' id='word_1_209' title='bbox 540 2572 688 2642; x_wconf 84' lang='lat' dir='ltr'>impietate</span> <span class='ocrx_word' id='word_1_210' title='bbox 713 2572 879 2625; x_wconf 83' lang='lat' dir='ltr'>sacerdotia</span> <span class='ocrx_word' id='word_1_211' title='bbox 903 2572 1067 2626; x_wconf 80' lang='lat' dir='ltr'>istiusmodi</span> <span class='ocrx_word' id='word_1_212' title='bbox 1089 2572 1151 2627; x_wconf 87' lang='lat' dir='ltr'>sint</span> <span class='ocrx_word' id='word_1_213' title='bbox 1173 2590 1243 2644; x_wconf 87' lang='lat' dir='ltr'>pos.</span> 
     </span>
     <span class='ocr_line' id='line_1_25' title="bbox 192 2659 1243 2734; baseline 0.003 -19"><span class='ocrx_word' id='word_1_214' title='bbox 192 2677 276 2716; x_wconf 79' lang='lat' dir='ltr'>sessa</span> <span class='ocrx_word' id='word_1_215' title='bbox 293 2671 320 2714; x_wconf 88' lang='lat' dir='ltr'>et</span> <span class='ocrx_word' id='word_1_216' title='bbox 338 2659 514 2730; x_wconf 85' lang='lat' dir='ltr'>possidenda</span> <span class='ocrx_word' id='word_1_217' title='bbox 533 2673 561 2714; x_wconf 85' lang='lat' dir='ltr'>et</span> <span class='ocrx_word' id='word_1_218' title='bbox 577 2672 683 2732; x_wconf 85' lang='lat' dir='ltr'>quanta</span> <span class='ocrx_word' id='word_1_219' title='bbox 697 2660 859 2714; x_wconf 87' lang='lat' dir='ltr'>difficultate</span> <span class='ocrx_word' id='word_1_220' title='bbox 871 2661 1011 2715; x_wconf 90' lang='lat' dir='ltr'>adeunda.</span> <span class='ocrx_word' id='word_1_221' title='bbox 1044 2661 1171 2730; x_wconf 86' lang='lat' dir='ltr'>Fateor,</span> <span class='ocrx_word' id='word_1_222' title='bbox 1189 2679 1243 2734; x_wconf 87' lang='lat' dir='ltr'>per</span> 
     </span>
     <span class='ocr_line' id='line_1_26' title="bbox 191 2748 1242 2820; baseline 0.002 -15"><span class='ocrx_word' id='word_1_223' title='bbox 191 2766 248 2805; x_wconf 89' lang='lat' dir='ltr'>nos</span> <span class='ocrx_word' id='word_1_224' title='bbox 266 2760 347 2803; x_wconf 87' lang='lat' dir='ltr'>antea</span> <span class='ocrx_word' id='word_1_225' title='bbox 365 2748 491 2805; x_wconf 85' lang='lat' dir='ltr'>obtinuit</span> <span class='ocrx_word' id='word_1_226' title='bbox 507 2750 642 2819; x_wconf 84' lang='lat' dir='ltr'>ignarus,</span> <span class='ocrx_word' id='word_1_227' title='bbox 665 2749 734 2820; x_wconf 86' lang='lat' dir='ltr'>quid</span> <span class='ocrx_word' id='word_1_228' title='bbox 756 2751 894 2805; x_wconf 88' lang='lat' dir='ltr'>ambiret:</span> <span class='ocrx_word' id='word_1_229' title='bbox 918 2768 997 2804; x_wconf 88' lang='lat' dir='ltr'>nunc</span> <span class='ocrx_word' id='word_1_230' title='bbox 1021 2767 1053 2804; x_wconf 93' lang='lat' dir='ltr'>re</span> <span class='ocrx_word' id='word_1_231' title='bbox 1071 2752 1190 2820; x_wconf 83' lang='lat' dir='ltr'>cognita</span> <span class='ocrx_word' id='word_1_232' title='bbox 1213 2762 1242 2808; x_wconf 89' lang='lat' dir='ltr'>et</span> 
     </span>
     <span class='ocr_line' id='line_1_27' title="bbox 191 2823 1241 2912; baseline 0.005 -20"><span class='ocrx_word' id='word_1_233' title='bbox 191 2839 327 2911; x_wconf 88' lang='lat' dir='ltr'>periculo</span> <span class='ocrx_word' id='word_1_234' title='bbox 353 2823 502 2894; x_wconf 84' lang='lat' dir='ltr'>intellecto</span> <span class='ocrx_word' id='word_1_235' title='bbox 527 2839 618 2892; x_wconf 84' lang='lat' dir='ltr'>resilit</span> <span class='ocrx_word' id='word_1_236' title='bbox 643 2848 672 2893; x_wconf 83' lang='lat' dir='ltr'>et</span> <span class='ocrx_word' id='word_1_237' title='bbox 696 2840 731 2892; x_wconf 88' lang='lat' dir='ltr'>de</span> <span class='ocrx_word' id='word_1_238' title='bbox 755 2841 894 2892; x_wconf 88' lang='lat' dir='ltr'>mutando</span> <span class='ocrx_word' id='word_1_239' title='bbox 915 2841 1038 2909; x_wconf 82' lang='lat' dir='ltr'>cogitat:</span> <span class='ocrx_word' id='word_1_240' title='bbox 1064 2841 1091 2894; x_wconf 86' lang='lat' dir='ltr'>id</span> <span class='ocrx_word' id='word_1_241' title='bbox 1110 2844 1192 2912; x_wconf 89' lang='lat' dir='ltr'>quod</span> <span class='ocrx_word' id='word_1_242' title='bbox 1209 2852 1241 2897; x_wconf 86' lang='lat' dir='ltr'>tu</span> 
     </span>
     <span class='ocr_line' id='line_1_28' title="bbox 191 2925 1241 3000; baseline 0.001 -15"><span class='ocrx_word' id='word_1_243' title='bbox 191 2929 317 2985; x_wconf 83' lang='lat' dir='ltr'>summis</span> <span class='ocrx_word' id='word_1_244' title='bbox 336 2925 438 2983; x_wconf 84' lang='lat' dir='ltr'>officiis</span> <span class='ocrx_word' id='word_1_245' title='bbox 457 2929 603 2999; x_wconf 90' lang='lat' dir='ltr'>probare,</span> <span class='ocrx_word' id='word_1_246' title='bbox 629 2929 746 2984; x_wconf 88' lang='lat' dir='ltr'>laudare</span> <span class='ocrx_word' id='word_1_247' title='bbox 764 2941 792 2984; x_wconf 89' lang='lat' dir='ltr'>et</span> <span class='ocrx_word' id='word_1_248' title='bbox 809 2931 1016 2985; x_wconf 84' lang='lat' dir='ltr'>commendare</span> <span class='ocrx_word' id='word_1_249' title='bbox 1037 2930 1185 3000; x_wconf 87' lang='lat' dir='ltr'>debuisti,</span> <span class='ocrx_word' id='word_1_250' title='bbox 1211 2943 1241 2986; x_wconf 91' lang='lat' dir='ltr'>et</span> 
     </span>
     <span class='ocr_line' id='line_1_29' title="bbox 191 3018 1242 3090; baseline 0.003 -17"><span class='ocrx_word' id='word_1_251' title='bbox 191 3037 263 3073; x_wconf 89' lang='lat' dir='ltr'>cum</span> <span class='ocrx_word' id='word_1_252' title='bbox 279 3028 360 3074; x_wconf 88' lang='lat' dir='ltr'>tanto</span> <span class='ocrx_word' id='word_1_253' title='bbox 380 3019 492 3089; x_wconf 88' lang='lat' dir='ltr'>impetu</span> <span class='ocrx_word' id='word_1_254' title='bbox 509 3018 596 3072; x_wconf 89' lang='lat' dir='ltr'>animi</span> <span class='ocrx_word' id='word_1_255' title='bbox 614 3019 710 3086; x_wconf 78' lang='lat' dir='ltr'>arguis</span> <span class='ocrx_word' id='word_1_256' title='bbox 729 3028 757 3073; x_wconf 89' lang='lat' dir='ltr'>et</span> <span class='ocrx_word' id='word_1_257' title='bbox 774 3020 893 3073; x_wconf 87' lang='lat' dir='ltr'>damnas</span> <span class='ocrx_word' id='word_1_258' title='bbox 911 3020 1139 3090; x_wconf 86' lang='lat' dir='ltr'>inconstantiae,</span> <span class='ocrx_word' id='word_1_259' title='bbox 1156 3023 1194 3076; x_wconf 90' lang='lat' dir='ltr'>ita</span> <span class='ocrx_word' id='word_1_260' title='bbox 1210 3030 1242 3076; x_wconf 88' lang='lat' dir='ltr'>ut</span> 
     </span>
     <span class='ocr_line' id='line_1_30' title="bbox 190 3108 1242 3180; baseline 0.002 -16"><span class='ocrx_word' id='word_1_261' title='bbox 190 3109 264 3164; x_wconf 89' lang='lat' dir='ltr'>nulli</span> <span class='ocrx_word' id='word_1_262' title='bbox 283 3109 463 3165; x_wconf 89' lang='lat' dir='ltr'>serviturum</span> <span class='ocrx_word' id='word_1_263' title='bbox 480 3108 620 3179; x_wconf 88' lang='lat' dir='ltr'>deinceps</span> <span class='ocrx_word' id='word_1_264' title='bbox 637 3108 803 3178; x_wconf 80' lang='lat' dir='ltr'>promittas.</span> <span class='ocrx_word' id='word_1_265' title='bbox 837 3108 866 3164; x_wconf 84' lang='lat' dir='ltr'>Si</span> <span class='ocrx_word' id='word_1_266' title='bbox 890 3110 935 3164; x_wconf 87' lang='lat' dir='ltr'>sic</span> <span class='ocrx_word' id='word_1_267' title='bbox 958 3110 1036 3180; x_wconf 86' lang='lat' dir='ltr'>sapis</span> <span class='ocrx_word' id='word_1_268' title='bbox 1055 3120 1086 3164; x_wconf 89' lang='lat' dir='ltr'>et</span> <span class='ocrx_word' id='word_1_269' title='bbox 1101 3111 1197 3166; x_wconf 84' lang='lat' dir='ltr'>doces</span> <span class='ocrx_word' id='word_1_270' title='bbox 1213 3111 1242 3166; x_wconf 89' lang='lat' dir='ltr'>in</span> 
     </span>
     <span class='ocr_line' id='line_1_31' title="bbox 191 3198 1243 3270; baseline 0.004 -18"><span class='ocrx_word' id='word_1_271' title='bbox 191 3200 272 3267; x_wconf 89' lang='lat' dir='ltr'>aula,</span> <span class='ocrx_word' id='word_1_272' title='bbox 301 3207 479 3270; x_wconf 80' lang='lat' dir='ltr'>praestaret,</span> <span class='ocrx_word' id='word_1_273' title='bbox 504 3206 671 3251; x_wconf 65' lang='lat' dir='ltr'>te‘mutum</span> <span class='ocrx_word' id='word_1_274' title='bbox 698 3214 767 3251; x_wconf 86' lang='lat' dir='ltr'>esse</span> <span class='ocrx_word' id='word_1_275' title='bbox 793 3198 821 3250; x_wconf 92' lang='lat' dir='ltr'>in</span> <span class='ocrx_word' id='word_1_276' title='bbox 846 3209 1005 3252; x_wconf 88' lang='lat' dir='ltr'>aetemum.</span> <span class='ocrx_word' id='word_1_277' title='bbox 1039 3199 1095 3253; x_wconf 87' lang='lat' dir='ltr'>llic</span> <span class='ocrx_word' id='word_1_278' title='bbox 1124 3201 1243 3270; x_wconf 76' lang='lat' dir='ltr'>prodit,</span> 
     </span>
     <span class='ocr_line' id='line_1_32' title="bbox 191 3287 1243 3358; baseline 0.001 -16"><span class='ocrx_word' id='word_1_279' title='bbox 191 3289 272 3357; x_wconf 82' lang='lat' dir='ltr'>qatod</span> <span class='ocrx_word' id='word_1_280' title='bbox 290 3289 318 3342; x_wconf 87' lang='lat' dir='ltr'>in</span> <span class='ocrx_word' id='word_1_281' title='bbox 336 3289 398 3342; x_wconf 89' lang='lat' dir='ltr'>aula</span> <span class='ocrx_word' id='word_1_282' title='bbox 416 3289 471 3342; x_wconf 88' lang='lat' dir='ltr'>ista</span> <span class='ocrx_word' id='word_1_283' title='bbox 488 3303 609 3357; x_wconf 84' lang='lat' dir='ltr'>semper</span> <span class='ocrx_word' id='word_1_284' title='bbox 623 3302 690 3340; x_wconf 81' lang='lat' dir='ltr'>aum</span> <span class='ocrx_word' id='word_1_285' title='bbox 707 3287 895 3358; x_wconf 83' lang='lat' dir='ltr'>suspicatus:</span> <span class='ocrx_word' id='word_1_286' title='bbox 918 3304 996 3341; x_wconf 91' lang='lat' dir='ltr'>nunc</span> <span class='ocrx_word' id='word_1_287' title='bbox 1012 3287 1161 3357; x_wconf 78' lang='lat' dir='ltr'>intelligo,</span> <span class='ocrx_word' id='word_1_288' title='bbox 1188 3306 1243 3344; x_wconf 88' lang='lat' dir='ltr'>cnr</span> 
     </span>
     <span class='ocr_line' id='line_1_33' title="bbox 190 3377 1242 3449; baseline 0.001 -15"><span class='ocrx_word' id='word_1_289' title='bbox 190 3378 427 3435; x_wconf 83' lang='lat' dir='ltr'>Plaffenbecium</span> <span class='ocrx_word' id='word_1_290' title='bbox 445 3379 526 3440; x_wconf 75' lang='lat' dir='ltr'>adeo,</span> <span class='ocrx_word' id='word_1_291' title='bbox 544 3377 714 3449; x_wconf 81' lang='lat' dir='ltr'>repudiavit.</span> <span class='ocrx_word' id='word_1_292' title='bbox 749 3378 804 3432; x_wconf 90' lang='lat' dir='ltr'>Sed</span> <span class='ocrx_word' id='word_1_293' title='bbox 830 3379 899 3432; x_wconf 85' lang='lat' dir='ltr'>latet</span> <span class='ocrx_word' id='word_1_294' title='bbox 925 3378 964 3432; x_wconf 89' lang='lat' dir='ltr'>ibi</span> <span class='ocrx_word' id='word_1_295' title='bbox 991 3379 1144 3433; x_wconf 87' lang='lat' dir='ltr'>occultum</span> <span class='ocrx_word' id='word_1_296' title='bbox 1171 3381 1242 3435; x_wconf 85' lang='lat' dir='ltr'>illud</span> 
     </span>
     <span class='ocr_line' id='line_1_34' title="bbox 191 3466 1242 3536; baseline 0.001 -14"><span class='ocrx_word' id='word_1_297' title='bbox 191 3469 300 3522; x_wconf 81' lang='lat' dir='ltr'>malurn</span> <span class='ocrx_word' id='word_1_298' title='bbox 317 3467 479 3535; x_wconf 86' lang='lat' dir='ltr'>vindictae,</span> <span class='ocrx_word' id='word_1_299' title='bbox 505 3476 534 3520; x_wconf 89' lang='lat' dir='ltr'>et</span> <span class='ocrx_word' id='word_1_300' title='bbox 558 3467 717 3536; x_wconf 82' lang='lat' dir='ltr'>ignorantia</span> <span class='ocrx_word' id='word_1_301' title='bbox 743 3466 955 3522; x_wconf 80' lang='lat' dir='ltr'>laudatissimae</span> <span class='ocrx_word' id='word_1_302' title='bbox 978 3467 1055 3522; x_wconf 86' lang='lat' dir='ltr'>illius</span> <span class='ocrx_word' id='word_1_303' title='bbox 1074 3468 1103 3522; x_wconf 89' lang='lat' dir='ltr'>in</span> <span class='ocrx_word' id='word_1_304' title='bbox 1120 3469 1242 3525; x_wconf 85' lang='lat' dir='ltr'>Christo</span> 
     </span>
     <span class='ocr_line' id='line_1_35' title="bbox 140 3555 1242 3629; baseline 0.004 -18"><span class='ocrx_word' id='word_1_305' title='bbox 140 3617 143 3623; x_wconf 57' lang='grc'><strong>,</strong></span> <span class='ocrx_word' id='word_1_306' title='bbox 194 3568 222 3613; x_wconf 88' lang='lat' dir='ltr'>et</span> <span class='ocrx_word' id='word_1_307' title='bbox 240 3576 295 3629; x_wconf 90' lang='lat' dir='ltr'>per</span> <span class='ocrx_word' id='word_1_308' title='bbox 311 3573 416 3611; x_wconf 89' lang='lat' dir='ltr'>omnes</span> <span class='ocrx_word' id='word_1_309' title='bbox 433 3557 516 3611; x_wconf 90' lang='lat' dir='ltr'>Pauli</span> <span class='ocrx_word' id='word_1_310' title='bbox 534 3557 673 3626; x_wconf 83' lang='lat' dir='ltr'>epistolas</span> <span class='ocrx_word' id='word_1_311' title='bbox 692 3555 934 3623; x_wconf 81' lang='lat' dir='ltr'>longanimitatis,</span> <span class='ocrx_word' id='word_1_312' title='bbox 957 3573 1031 3627; x_wconf 87' lang='lat' dir='ltr'>quae</span> <span class='ocrx_word' id='word_1_313' title='bbox 1058 3568 1103 3611; x_wconf 88' lang='lat' dir='ltr'>est</span> <span class='ocrx_word' id='word_1_314' title='bbox 1123 3561 1242 3615; x_wconf 84' lang='lat' dir='ltr'>tarditas</span> 
     </span>
     <span class='ocr_line' id='line_1_36' title="bbox 194 3648 1241 3718; baseline 0.005 -17"><span class='ocrx_word' id='word_1_315' title='bbox 194 3649 228 3702; x_wconf 88' lang='lat' dir='ltr'>ad</span> <span class='ocrx_word' id='word_1_316' title='bbox 246 3648 408 3703; x_wconf 87' lang='lat' dir='ltr'>vindictam</span> <span class='ocrx_word' id='word_1_317' title='bbox 426 3648 512 3702; x_wconf 86' lang='lat' dir='ltr'>etiam</span> <span class='ocrx_word' id='word_1_318' title='bbox 534 3648 616 3717; x_wconf 87' lang='lat' dir='ltr'>juste</span> <span class='ocrx_word' id='word_1_319' title='bbox 644 3657 812 3718; x_wconf 86' lang='lat' dir='ltr'>provocata.</span> <span class='ocrx_word' id='word_1_320' title='bbox 846 3649 892 3701; x_wconf 85' lang='lat' dir='ltr'>An</span> <span class='ocrx_word' id='word_1_321' title='bbox 910 3665 985 3701; x_wconf 87' lang='lat' dir='ltr'>vero</span> <span class='ocrx_word' id='word_1_322' title='bbox 1004 3649 1164 3703; x_wconf 87' lang='lat' dir='ltr'>vindictam</span> <span class='ocrx_word' id='word_1_323' title='bbox 1181 3666 1241 3707; x_wconf 85' lang='lat' dir='ltr'>non</span> 
     </span>
     <span class='ocr_line' id='line_1_37' title="bbox 194 3737 1240 3810; baseline -0.002 -17"><span class='ocrx_word' id='word_1_324' title='bbox 194 3757 262 3793; x_wconf 91' lang='lat' dir='ltr'>esse</span> <span class='ocrx_word' id='word_1_325' title='bbox 274 3749 378 3810; x_wconf 89' lang='lat' dir='ltr'>putas,</span> <span class='ocrx_word' id='word_1_326' title='bbox 396 3737 421 3791; x_wconf 91' lang='lat' dir='ltr'>si</span> <span class='ocrx_word' id='word_1_327' title='bbox 439 3737 510 3791; x_wconf 89' lang='lat' dir='ltr'>nihil</span> <span class='ocrx_word' id='word_1_328' title='bbox 528 3738 636 3791; x_wconf 83' lang='lat' dir='ltr'>inferas</span> <span class='ocrx_word' id='word_1_329' title='bbox 654 3737 740 3805; x_wconf 88' lang='lat' dir='ltr'>mali,</span> <span class='ocrx_word' id='word_1_330' title='bbox 759 3737 912 3791; x_wconf 86' lang='lat' dir='ltr'>subtrahas</span> <span class='ocrx_word' id='word_1_331' title='bbox 929 3749 1026 3791; x_wconf 83' lang='lat' dir='ltr'>tamen</span> <span class='ocrx_word' id='word_1_332' title='bbox 1044 3739 1171 3792; x_wconf 82' lang='lat' dir='ltr'>officium</span> <span class='ocrx_word' id='word_1_333' title='bbox 1186 3743 1240 3795; x_wconf 69' lang='lat' dir='ltr'>fra:</span> 
     </span>
     <span class='ocr_line' id='line_1_38' title="bbox 193 3826 1241 3903; baseline 0.003 -21"><span class='ocrx_word' id='word_1_334' title='bbox 193 3838 325 3896; x_wconf 89' lang='lat' dir='ltr'>ternum,</span> <span class='ocrx_word' id='word_1_335' title='bbox 350 3838 383 3882; x_wconf 92' lang='lat' dir='ltr'>ut</span> <span class='ocrx_word' id='word_1_336' title='bbox 398 3826 507 3880; x_wconf 87' lang='lat' dir='ltr'>malam</span> <span class='ocrx_word' id='word_1_337' title='bbox 531 3839 579 3881; x_wconf 89' lang='lat' dir='ltr'>aut</span> <span class='ocrx_word' id='word_1_338' title='bbox 604 3843 761 3897; x_wconf 77' lang='lat' dir='ltr'>superare,</span> <span class='ocrx_word' id='word_1_339' title='bbox 788 3839 835 3880; x_wconf 91' lang='lat' dir='ltr'>aut</span> <span class='ocrx_word' id='word_1_340' title='bbox 861 3827 1019 3897; x_wconf 86' lang='lat' dir='ltr'>prohibere</span> <span class='ocrx_word' id='word_1_341' title='bbox 1046 3846 1106 3882; x_wconf 93' lang='lat' dir='ltr'>non</span> <span class='ocrx_word' id='word_1_342' title='bbox 1128 3832 1241 3903; x_wconf 80' lang='lat' dir='ltr'>possit,</span> 
     </span>
     <span class='ocr_line' id='line_1_39' title="bbox 195 3916 1240 3989; baseline 0.008 -20"><span class='ocrx_word' id='word_1_343' title='bbox 195 3919 275 3988; x_wconf 93' lang='lat' dir='ltr'>quod</span> <span class='ocrx_word' id='word_1_344' title='bbox 293 3930 340 3973; x_wconf 89' lang='lat' dir='ltr'>tua</span> <span class='ocrx_word' id='word_1_345' title='bbox 357 3932 447 3988; x_wconf 80' lang='lat' dir='ltr'>opera</span> <span class='ocrx_word' id='word_1_346' title='bbox 463 3916 554 3971; x_wconf 86' lang='lat' dir='ltr'>vitare</span> <span class='ocrx_word' id='word_1_347' title='bbox 572 3917 686 3986; x_wconf 82' lang='lat' dir='ltr'>possit?</span> <span class='ocrx_word' id='word_1_348' title='bbox 719 3916 766 3970; x_wconf 85' lang='lat' dir='ltr'>Mi</span> <span class='ocrx_word' id='word_1_349' title='bbox 783 3917 926 3988; x_wconf 89' lang='lat' dir='ltr'>Spalatine</span> <span class='ocrx_word' id='word_1_350' title='bbox 934 3956 945 3985; x_wconf 91' lang='lat'>,</span> <span class='ocrx_word' id='word_1_351' title='bbox 962 3935 999 3974; x_wconf 87' lang='lat' dir='ltr'>ne</span> <span class='ocrx_word' id='word_1_352' title='bbox 1016 3935 1118 3975; x_wconf 86' lang='lat' dir='ltr'>erres:</span> <span class='ocrx_word' id='word_1_353' title='bbox 1134 3920 1240 3989; x_wconf 86' lang='lat' dir='ltr'>Deus,</span> 
     </span>
    </p>
   </div>
   <div class='ocr_carea' id='block_1_7' title="bbox 0 0 1297 4724">
    <p class='ocr_par' dir='ltr' id='par_1_8' title="bbox 0 0 1297 4724">
     <span class='ocr_line' id='line_1_40' title="bbox 0 0 1297 4724; baseline 0 0"><span class='ocrx_word' id='word_1_354' title='bbox 0 0 1297 4724; x_wconf 95' lang='lat' dir='ltr'> </span> 
     </span>
    </p>
   </div>
  </div>
 </body>
</html>
