2574 4724
213 285 274 371 rsa
553 254 558 263 ’
689 292 778 373 1522.

180 477 184 485 =
253 445 448 502 Charissimo
456 443 583 516 fratri,
601 436 654 503 M.
674 447 812 522 Geor-pio
830 447 1000 521 &palatino
1006 490 1016 518 ,
1033 446 1067 504 in
1077 446 1211 530 ,Christo

672 554 739 592 suo.
757 537 782 603 1)

211 645 362 743 Salutem.
394 687 492 744 Paene
510 689 623 767 abutor
639 690 895 760 literis-legendis,
916 691 986 762 quid
1003 698 1088 763 putas
1106 689 1252 761 temporis

207 778 328 848 perdam
344 780 581 848 respondendis?
615 780 664 834 De
681 781 749 834 loco
765 781 901 835 Joannis.
914 781 1001 848 XVI,
1020 782 1073 845 (8.)
1092 795 1255 832 meam-ac.

209 866 276 936 cipe
294 867 476 920 sententiam.
501 866 644 938 Spiritus
660 875 776 941 arquet
791 869 943 922 mundum
960 869 997 922 de
1012 874 1157 939 peccato,
1174 868 1254 940 quia

205 969 271 1009 non
288 942 421 1010 credunt
437 956 471 1009 in
490 956 668 1011 Christum:
688 959 750 1011 hoc
769 959 847 1012 enim
864 970 1021 1030 peccatum
1039 957 1253 1012 incredulitatis

205 1046 332 1098 mundus
350 1046 518 1114 ignorabat,
545 1059 575 1100 et
592 1047 733 1118 operibus
750 1046 855 1102 fidebat
873 1058 902 1102 et
920 1048 989 1101 lidit.
1023 1049 1063 1100 At
1086 1047 1164 1100 sicut
1185 1065 1253 1100 cre.

206 1134 285 1187 denti
310 1135 423 1188 nullum
445 1144 602 1205 peccatum
626 1145 783 1205 peccatum
809 1146 870 1204 est,
898 1135 935 1189 ita
960 1136 1112 1189 incredulo
1135 1136 1251 1190 nullum

203 1222 316 1278 bonum
335 1239 410 1294 opus
426 1223 539 1277 bonum
557 1241 632 1295 opus
651 1234 706 1279 est.
740 1224 790 1279 D'e
803 1225 938 1294 justitia
956 1244 1043 1293 vero,
1070 1226 1146 1298 quia
1169 1228 1251 1280 vado

205 1313 416 1382 ad'Patrem,
440 1321 469 1369 et
492 1315 629 1369 mundus
643 1332 692 1368 me
708 1328 773 1369 non
790 1314 888 1368 videt:
913 1316 990 1369 hanc
1011 1317 1157 1385 justitiam
1175 1333 1253 1387 quo.

203 1421 262 1475 que
280 1405 406 1457 mundus
423 1404 536 1472 nescit,
562 1420 637 1475 quse
655 1415 716 1471 est,
729 1456 732 1461 ,
744 1404 866 1459 credere
886 1404 1036 1459 Christum
1062 1422 1114 1475 per
1137 1408 1252 1475 passio.

202 1510 271 1549 nem
289 1494 458 1548 ascendisse
476 1503 503 1547 et
520 1492 651 1547 omnium
663 1494 814 1548 dominum
831 1495 957 1562 sactum,
976 1505 1007 1548 ut
1021 1511 1125 1547 omncs
1139 1496 1249 1551 salvet:

202 1584 269 1638 ideo
289 1584 366 1637 enirn
383 1600 443 1636 non
460 1583 594 1650 videtur,
612 1593 644 1638 ut
663 1584 817 1652 credatur,
836 1595 864 1638 et
881 1584 957 1638 haec
975 1595 1021 1639 est
1034 1585 1149 1654 justitia
1164 1585 1248 1654 fidei,

200 1690 263 1727 non
279 1689 412 1744 operum.
445 1671 496 1726 De
502 1671 629 1739 judicio
647 1680 769 1740 autem,
786 1673 865 1746 qtaia¹
877 1673 1028 1744 princeps
1045 1674 1157 1727 artandi
1170 1677 1249 1742 jam

190 1760 361 1831 Judicatus
378 1768 441 1815 est:
460 1772 486 1814 et
503 1760 564 1815 hoc
577 1760 725 1831 judicium
741 1762 838 1816 nescit
854 1764 1001 1835 numdus,
1021 1765 1090 1816 dum
1108 1764 1184 1833 sapit
1202 1782 1247 1833 ea,

131 1886 134 1890 -
201 1869 276 1924 quae
294 1852 371 1905 bona
388 1861 456 1905 sunt
474 1851 571 1919 carni,
593 1862 623 1905 et
640 1851 702 1906 odit
719 1868 859 1925 crucem,
885 1869 959 1923 quac
978 1865 1023 1907 est
1040 1854 1181 1923 sapientia
1198 1872 1261 1908 ain.⁴

199 1942 272 2014 tiqui
290 1941 435 2013 serpentis
450 1940 548 1995 infusa
564 1941 662 1995 nobis.
696 1942 736 1996 At
748 1941 863 2011 justitia
881 1942 947 1996 lidci
965 1945 1166 2015 docctamare
1176 1962 1248 1997 cru.

201 2049 284 2100 cena,
302 2043 331 2087 et
349 2031 446 2087 omnia
463 2032 619 2102 amplecti,
638 2048 713 2102 quae
731 2033 868 2104 princeps
888 2034 988 2088 mundi
1002 2045 1031 2088 et
1044 2035 1169 2089 mundus
1184 2036 1247 2105 ipse

200 2123 273 2193 fugit
291 2133 320 2176 et
337 2121 417 2191 odit,
444 2131 475 2174 ut
492 2120 697 2189 ignominiam,
723 2133 940 2192 paupertatem,
965 2137 1111 2191 mortem,
1137 2142 1249 2194 oppro,

198 2210 279 2279 bria,
295 2212 417 2279 darana,
437 2218 494 2263 etc.
528 2208 610 2279 Ergo
629 2220 659 2265 ct
675 2211 805 2278 arguitur
820 2211 965 2277 mundus,
985 2213 1065 2281 quod
1084 2213 1153 2264 huic
1168 2214 1248 2281 judi.

182 2302 249 2355 ‘cio
262 2300 404 2373 principis
417 2299 463 2353 sui
475 2298 632 2366 adhaeret,
651 2310 680 2352 et
697 2309 820 2369 propter
837 2315 960 2352 crucem
977 2299 1005 2351 in
1024 2300 1144 2353 Christo
1162 2318 1249 2355 scan.

201 2390 348 2442 dalisatur.

265 2502 358 2555 Mitto
375 2500 472 2554 literas
490 2499 602 2570 aliquot
619 2497 799 2562 amicorum,
816 2496 843 2550 in
857 2497 965 2566 quilms
978 2498 1041 2569 ipse
1055 2498 1151 2567 legas,
1171 2520 1249 2572 quae

200 2591 288 2662 petis.
322 2589 466 2643 Erasinus
493 2587 521 2639 in
545 2604 596 2641 sua
614 2585 816 2655 Epistolarum
840 2586 983 2655 farragine
1008 2590 1106 2657 prodit
1131 2593 1250 2655 taudem

201 2680 298 2734 hostis
316 2677 441 2733 Lutberi
458 2689 486 2729 et
504 2676 652 2730 doctrinae
671 2675 734 2742 rjus
753 2690 789 2727 ex
814 2674 925 2729 animo:
952 2678 1005 2729 sed
1030 2679 1104 2732 sucis
1130 2693 1158 2732 et
1184 2695 1249 2736 astu

200 2768 362 2824 verborum
385 2765 526 2853 mentitur
546 2780 614 2818 sese
641 2762 778 2850 amicpm.
813 2763 845 2816 In
869 2781 925 2833 qua
952 2784 983 2819 re
1011 2769 1196 2823 atuor-itatem
1222 2784 1250 2824 et

200 2877 311 2914 nomen
328 2873 416 2912 suum
434 2855 547 2923 egregie
565 2852 768 2924 pessundabit.
802 2851 916 2906 Melior
934 2868 979 2908 cst
996 2856 1106 2911 llccius
1126 2877 1180 2926 eo,
1199 2862 1248 2930 qui

201 2959 300 3021 aperta
319 2950 415 3001 fronte
432 2946 552 2998 hostem
571 2942 733 3013 profitetur.
769 2943 855 2996 llunc
882 2957 978 2998 autem
1006 2948 1249 3015 tergiversantem

202 3050 232 3093 et
249 3038 423 3103 subdolum,
449 3045 511 3087 tum
534 3031 660 3084 amicum
685 3043 747 3083 turn
770 3031 909 3098 hostem,
934 3035 1076 3107 detestor,
1105 3039 1249 3105 ¹(fluistus

181 3160 184 3166 ·
202 3104 276 3182 vivit
293 3138 322 3180 et
340 3123 501 3179 contemnit
519 3121 606 3174 etiam
624 3119 788 3190 principem
804 3121 924 3189 mundi,
943 3135 972 3175 ct
988 3141 1092 3178 otuues
1102 3165 1111 3191 ,
1136 3128 1185 3196 qui
1204 3145 1250 3181 sc.

203 3227 333 3289 quuntur
345 3212 491 3283 judicium
509 3209 584 3278 ejus
622 3206 625 3211 ’

267 3336 324 3391 Est
341 3345 370 3388 ct
388 3332 440 3386 alia
463 3329 606 3385 sententia
631 3329 666 3381 de
688 3329 759 3382 loco
776 3329 912 3384 Joannis.
929 3333 1008 3386 XVI.
1035 3344 1138 3388 nostro
1157 3336 1252 3390 l'l'cn.

203 3409 323 3492 ceslao,
341 3439 416 3494 quae
429 3421 539 3491 placet:
557 3434 644 3488 quam
656 3416 726 3469 alias
739 3417 886 3484 scribam,
906 3420 930 3472 si
942 3422 1036 3476 voles.
1070 3423 1148 3476 Nam
1161 3425 1249 3494 illud,

204 3517 285 3588 qarod
304 3532 359 3583 ego
377 3513 413 3565 de
424 3509 542 3581 judicio
560 3506 637 3574 dixi,
662 3505 735 3559 mibi
754 3506 809 3576 ipsi
831 3510 979 3563 nonsatis
998 3511 1111 3580 placet:
1138 3515 1251 3585 simpli.

204 3607 326 3661 cissime
345 3597 476 3656 enitn'de
497 3597 612 3668 judicio
639 3606 777 3649 extremo
795 3598 874 3664 argm
893 3600 1035 3652 mundum
1054 3612 1144 3672 puto,
1169 3607 1251 3673 quod

204 3696 331 3753 mundus
349 3689 477 3745 nescivit
495 3690 636 3752 futurum,
655 3684 721 3737 ideo
738 3701 836 3755 neque
848 3687 955 3753 timuit,
972 3705 1069 3761 neque
1082 3705 1249 3762 peccatum,

204 3833 728 3862 -,,,,,,,.,.........-.....

167 3981 169 3984 .
255 3946 276 3998 t)
291 3939 351 4012 bladi
363 3937 422 3999 cod.
436 3936 489 3999 Jcn.
510 3925 512 3930 Α
