2574 4724
540 340 631 408 152t,
1073 333 1116 407 45

78 477 132 549 ιώ
143 491 440 548 turtunensis.
469 492 668 613 ωιιὲἱιὲι.
686 492 724 547 ιιι
738 492 755 539 ι.
771 494 802 540 ιι.
828 489 928 545 nrrtrrt
942 491 982 545 tre
995 489 1090 543 seete

579 599 585 610 .
598 568 625 595 '7
643 599 657 614 r·

62 703 208 806 Set-rem.
242 744 413 803 Methodns
430 756 480 801 tna
497 745 527 812 l)
544 745 704 816 gratissime
721 756 780 801 est:
798 744 866 802 nihil
879 754 938 814 est,
955 743 1036 817 quod
1047 760 1114 801 mes

58 836 178 907 penuria
203 848 273 891 tune
298 850 372 907 opes
399 832 450 889 bic
479 846 612 892 moneat:
639 850 781 906 prospere
806 835 935 905 procede
963 844 993 889 et
1015 850 1114 904 regna.

57 928 137 998 Opto
153 939 260 981 tecum
276 940 367 991 esse,
388 936 421 978 ut
445 925 480 978 de
505 923 584 978 votis
605 924 667 980 istis
689 924 811 980 delinire
828 925 918 979 liceat.
953 920 1114 979 infeliciter

56 1033 109 1086 per
124 1016 228 1071 litem
246 1014 429 1084 disputetur,
457 1015 527 1069 (lum
550 1013 612 1081 hoc
636 1015 709 1071 nlius
730 1013 860 1069 verbose
885 1013 1003 1080 scribit,
1032 1013 1114 1091 quod

55 1107 127 1161 alter
141 1103 265 1159 abunde
280 1103 389 1173 hebet,
414 1116 442 1157 et
458 1104 580 1170 omittit,
606 1104 687 1175 quod
703 1105 832 1159 maxime
850 1103 1017 1174 quaeritur:
1036 1104 1115 1159 sicut

56 1195 83 1249 in
98 1194 156 1249 ista
174 1191 375 1249 confessionis
392 1193 564 1264 quaestione
581 1193 713 1263 contigit.
748 1193 776 1247 Si
793 1203 919 1264 potero,
936 1192 1114 1247 constituam

56 1299 110 1339 nos
126 1283 158 1339 in
177 1283 280 1354 atiquo
297 1281 366 1336 loco
385 1291 552 1352 praesentes
569 1281 706 1350 occulte,
721 1282 801 1360 'quin
819 1297 865 1337 res
881 1281 937 1336 iste
953 1296 1001 1334 rne
1017 1280 1116 1335 solici-

55 1386 116 1427 tum
133 1370 245 1427 better.
277 1370 398 1425 Interim
415 1370 443 1423 in
461 1382 582 1424 ventum
598 1370 720 1427 fabuler.

117 1461 255 1528 Scribis,
281 1472 311 1515 te
336 1461 365 1514 in
388 1477 425 1515 eo
448 1477 533 1526 esse,
559 1472 590 1514 ut
615 1471 719 1520 votum
743 1461 921 1516 solventium
937 1460 1061 1527 credas,
1088 1458 1113 1514 si

55 1551 166 1607 servari
184 1566 250 1605 non
267 1537 383 1618 possit,
401 1567 438 1604 ne
456 1559 559 1605 votnm
576 1559 632 1605 stet
649 1566 717 1603 curn
735 1564 868 1621 peccato.
904 1549 1060 1617 Obsecro,
1077 1565 1115 1602 en

56 1660 116 1697 nnn
132 1639 353 1695 obscurissime
370 1639 433 1694 boc
451 1640 543 1697 elicis:
567 1657 665 1694 nonne
682 1643 726 1696 sic
743 1641 836 1706 ilicis,
862 1656 897 1694 nc
915 1640 940 1693 si
956 1639 1029 1695 velis
1046 1638 1113 1693 ideo

55 1750 114 1786 non
130 1744 215 1787 stare
233 1742 356 1796 votum,
372 1728 440 1799 quie
458 1728 637 1799 impossibile
655 1740 700 1784 est
717 1729 851 1801 impleri?
872 1728 911 1785 Et
927 1728 986 1782 bno
1002 1727 1114 1783 ratione

57 1823 141 1876 etiam
159 1818 263 1875 divine
281 1828 435 1888 praecepta
452 1818 592 1871 solvenda
609 1819 767 1874 concedas.

121 1914 175 1965 An
193 1907 224 1962 itl
242 1906 357 1975 differt,
374 1907 456 1980 quod
471 1919 628 1979 praecepte
644 1918 713 1962 sunt
730 1907 815 1963 nobis
835 1907 985 1979 imposita,
1011 1915 1116 1963 votum

60 2001 134 2055 nitro
160 2008 209 2053 est
233 1997 431 2070 accersitum?
462 1996 542 2069 Quid
566 1996 628 2051 boo
651 1996 753 2066 ellicit,
778 1997 833 2052 nisi
859 1998 940 2068 quod
964 2014 1025 2051 non
1048 1996 1116 2051 ideo

61 2086 259 2153 solvendum,
289 2086 353 2156 quie
370 2085 570 2155 impossibile,
596 2085 651 2140 sed
668 2086 734 2158 quie
751 2086 829 2140 ultro
848 2085 1047 2140 accersitum?
1074 2087 1118 2141 At

60 2179 86 2233 it
102 2178 186 2233 ultro
205 2175 400 2243 accersitum,
411 2176 475 2244 jem
492 2175 541 2249 lert
551 2175 612 2229 Dei
623 2176 732 2228 loetum
743 2184 805 2241 est,
822 2175 937 2229 dicente
950 2174 1116 2245 Scriptura:

63 2269 180 2324 Vovete
197 2273 229 2320 et
244 2264 376 2319 reddite.
409 2264 458 2320 Ne
476 2266 681 2331 tutationem,
698 2266 752 2318 sed
768 2264 948 2335 Scripturam
965 2268 994 2320 in
1010 2264 1067 2319 heo
1086 2281 1117 2320 re

63 2359 226 2423 observes,
250 2365 280 2411 et
296 2366 399 2411 votum
416 2372 432 2409 tt
448 2355 558 2426 priori,
582 2371 642 2410 non
658 2371 673 2407 a
691 2354 849 2427 posteriori
866 2355 1034 2421 rescindas,
1055 2355 1122 2410 hoo

64 2460 128 2516 est,
156 2456 193 2501 ut
211 2445 308 2515 legem
325 2445 386 2500 voti
409 2458 439 2500 et
462 2445 547 2500 ritum
565 2445 628 2514 ejus
651 2446 807 2513 correntes,
834 2444 941 2516 inquo
959 2461 1015 2514 ego
1032 2443 1119 2500 sudo.

63 2539 100 2595 Ut
118 2538 281 2609 impleatur
298 2546 420 2590 autnon
435 2534 604 2604 impleatur,
621 2533 691 2588 nihil
704 2551 828 2602 moror,
845 2552 941 2606 neque
958 2534 1028 2590 hinc
1041 2535 1119 2589 aliud

63 2646 107 2682 me
125 2628 253 2682 efficies:
277 2626 320 2678 sic
338 2625 416 2678 enim
433 2637 462 2679 et
479 2624 638 2678 divortium
655 2624 813 2695 probabis,
831 2626 854 2678 si
873 2627 1015 2694 conjuges
1034 2641 1119 2695 pror.

65 2736 113 2774 sus
132 2734 196 2773 non
215 2716 328 2787 possint
345 2714 504 2767 convenire
523 2713 631 2767 aninlo.
666 2718 722 2770 Sed
741 2724 772 2768 ut
788 2715 905 2781 valeat,
923 2727 1049 2770 autnon
1067 2731 1118 2768 va.

67 2809 121 2863 leet
138 2818 264 2869 votum,
288 2803 335 2856 hic
354 2802 423 2856 inibi
443 2802 634 2855 laborandum
652 2802 776 2856 vitietur.

128 2895 298 2952 Metltotlus
316 2904 441 2946 tuanen
459 2892 544 2944 stulte
563 2892 643 2956 dicit,
661 2905 800 2946 votorum
813 2892 985 2947 servitutem
998 2893 1120 2945 alienam

69 3002 130 3041 esse
148 2985 186 3039 ab
199 2983 373 3051 EvangeliO,
391 2992 420 3035 et
431 2981 628 3034 adversariam
644 2983 776 3035 servituti
789 2983 905 3052 spiritus
919 3000 925 3034 :
943 2999 1048 3036 verunt
1065 2997 1120 3035 nos

69 3077 101 3130 tle
126 3077 222 3140 votis,
248 3090 309 3126 non
335 3074 370 3125 de
396 3073 535 3125 servitute
561 3082 700 3124 votorum
727 3070 776 3124 hic
803 3072 996 3140 disputamus.
1032 3070 1122 3124 Nosti

69 3168 160 3231 enirn,
185 3164 313 3234 quaesit
331 3162 423 3215 etttbi
442 3162 478 3214 sit
496 3161 541 3213 illa
560 3161 675 3214 libertas
694 3173 721 3214 et
740 3161 878 3214 servitus:
909 3178 967 3214 nort
987 3161 1014 3213 in
1033 3160 1120 3227 νοιίε,

71 3258 116 3309 sed
135 3258 162 3310 in
183 3256 309 3323 spiritu,
340 3268 408 3304 ctrtn
427 3251 500 3304 liber
517 3252 611 3321 possit
637 3266 669 3303 se
688 3250 825 3303 orrtnibus
843 3250 956 3319 legibus
976 3252 1123 3303 omniurn.

72 3362 125 3413 qne
142 3343 274 3396 ‹lontirtio
299 3340 424 3393 subdere
444 3356 513 3391 cunt
528 3340 676 3409 Apostolo
688 3338 800 3405 Paulo,
826 3340 978 3408 quomodo
991 3339 1018 3394 S,
1031 3339 1122 3393 Bern-
1141 3346 1143 3351 ’

72 3431 177 3486 hardus
196 3443 225 3485 et
243 3429 410 3501 quicunqne
428 3429 549 3481 feliciter
567 3428 692 3496 religiosi
709 3429 843 3494 suerunt,
861 3428 915 3481 sub
935 3440 1036 3482 votum
1054 3443 1121 3483 sese

74 3521 261 3573 tradiderunt.

132 3609 213 3663 Nam
232 3619 262 3661 et
279 3605 352 3658 haec
371 3604 553 3672 evangelicae
571 3604 712 3658 libertatis
730 3621 796 3674 pars
815 3615 877 3669 est,
895 3621 984 3675 posse
1003 3622 1034 3659 se
1052 3605 1122 3659 sub.

75 3699 137 3753 dere
154 3686 228 3753 voto
246 3705 275 3750 et
292 3696 419 3763 legibus:
438 3704 465 3747 et
482 3695 532 3748 lex
543 3695 603 3747 Dei
621 3710 682 3750 non
700 3703 746 3748 est
762 3710 800 3748 ex
814 3694 883 3761 fide,
901 3696 938 3749 uit
949 3697 1121 3767 Apostolus,

118 3909 140 3958 ἰ
157 3906 219 3954 slve
234 3904 284 3950 loct
299 3901 446 3958 theologici,
468 3901 540 3956 nrtrl.
560 3902 604 3951 br.
623 3907 645 3949 t.
658 3902 691 3949 26.
706 3902 775 3956 sliat.
802 3902 895 3955 biritu
914 3904 1034 3961 iltrtr'rst:
1059 3907 1121 3957 urire

76 3984 165 4035 rrbtert
180 3986 219 4034 (t).
