2574 4724
566 331 655 397 1522.
760 342 768 360 ⁸
1069 330 1133 394 ‘131

80 487 164 543 e'nim
181 486 205 553 ¹)
222 478 388 540 ¹dicendum
411 494 473 554 est,
501 485 572 557 quid
594 478 711 541 rectum
735 495 765 542 et
787 499 848 541 non
873 495 990 541 rectum
1012 475 1086 554 erit,
1103 487 1133 555 2)

79 577 206 643 deinde,
224 574 275 628 ubi
293 575 321 628 id
338 573 363 640 3)
381 574 496 628 auditor
513 576 697 645 susceperit,
721 576 907 644 tolerandus,
926 586 955 630 et
972 585 1004 628 ut
1020 575 1132 631 Paulus

79 666 139 733 ait,
166 664 298 718 infirmus
316 663 372 717 fide
390 654 609 734 suscipiendus.
626 656 652 730 ⁴)
686 664 754 717 Tua
777 681 850 718 vero
874 664 948 718 ratio
973 664 1001 717 id
1025 663 1133 734 efficit,

78 767 116 810 ut
132 770 283 826 nunquam
299 754 408 807 veritas
426 763 644 822 cognoscatur,
655 743 680 821 ⁵)
699 765 727 808 et
745 765 842 807 tamen
860 754 976 808 interim
993 754 1133 809 blanditia

79 854 113 898 et
138 844 205 898 iicta
227 842 406 896 humanitate
429 854 634 913 praesumatur
654 842 759 897 vitium
783 842 887 896 sanari.
921 844 970 897 Sic
994 843 1133 915 impietur

80 935 155 988 iilud
167 933 346 987 Hieremiae:
365 938 395 984 et
411 929 574 985 sanabant
590 931 797 986 contritiones
811 933 924 1004 populi
940 934 1017 1002 mei,
1036 945 1065 989 et
1077 934 1132 990 ite.

79 1039 165 1078 rum:
182 1019 447 1092 confortaverunt
462 1035 578 1074 rnartus
593 1020 768 1089 malorum,
786 1027 821 1074 ut
833 1037 898 1075 raon
911 1029 1131 1077 converteren-

78 1120 139 1166 tur
156 1110 369 1184 unusquisque
386 1125 407 1162 a
424 1108 551 1162 malitia
567 1123 637 1164 aaa.

146 1209 215 1264 Nec
233 1224 324 1280 spero
342 1225 397 1262 nos
415 1209 489 1262 tales
506 1223 636 1278 unquam
654 1207 748 1261 fuisse
757 1248 767 1275 ,
786 1206 814 1262 in
831 1198 857 1274 ⁶)
875 1206 983 1282 quibus
1002 1208 1131 1265 charitas

79 1299 248 1354 desiderata
266 1298 295 1351 in
312 1297 511 1368 suscipiendis
529 1307 559 1350 et
575 1297 734 1350 tolerandis
759 1295 882 1351 infirmis
900 1309 1005 1368 posset
1022 1316 1137 1371 oppro.

78 1389 177 1456 brari,
194 1379 219 1456 ⁷)
231 1402 329 1457 neque
342 1387 426 1440 deest
438 1382 634 1440 mansuetudo
642 1425 651 1453 ,
669 1385 850 1454 benignitas,
868 1403 927 1458 pax
939 1398 969 1441 et
983 1388 1132 1458 gaudium,

80 1483 108 1536 si
126 1481 195 1552 quis
212 1479 339 1534 verbum
355 1487 492 1535 nostrum
510 1475 657 1548 probarit,
683 1488 712 1531 et
730 1477 828 1532 statim
845 1494 905 1532 non
925 1489 1013 1551 queat
1035 1482 1134 1552 perse.

80 1583 151 1624 ctus
169 1584 248 1623 esse.
283 1566 420 1620 Contenti
439 1566 556 1619 interim
573 1581 689 1633 sannas,
702 1562 726 1632 8)
748 1567 905 1634 agnovisse
923 1561 1038 1636 illum⁹)
1055 1571 1134 1625 veri.

79 1671 191 1726 tatem,
208 1675 268 1712 non
287 1656 451 1722 restitisse,
476 1671 536 1708 non
554 1656 723 1709 damnasse:
749 1655 830 1726 quod
853 1657 995 1728 deinceps
1019 1660 1133 1729 agitur,

80 1747 237 1804 charitatis
255 1758 317 1813 est,
337 1762 411 1816 quae
429 1746 621 1811 exhortetur,
645 1746 679 1812 10)
697 1755 728 1799 ut
747 1756 778 1803 et
793 1745 898 1814 saciat,
923 1749 1004 1818 quod
1023 1765 1135 1819 cogno.

80 1841 131 1895 rit.
165 1837 244 1892 Nam
262 1840 296 1903 11)
315 1835 340 1890 si
359 1836 512 1888 exanimo
530 1844 598 1888 tuus
617 1835 777 1888 Cardinaiis
801 1835 855 1889 has
874 1836 974 1891 literas
993 1837 1134 1909 scripsis.

80 1939 151 1994 set,
177 1925 325 1993 obsecro,
350 1934 460 1994 quanto
478 1921 602 1992 gaudio,
629 1934 741 1991 quanta*
751 1923 916 1978 humilitate
932 1941 989 1980 nos
1006 1927 1146 1998 pedibus¹

81 2018 151 2087 ejus
176 2013 345 2086 provoluti,
370 2013 474 2080 dignos
499 2027 560 2063 non
583 2009 792 2064 arbitraremur
807 2027 881 2078 nos,
906 2012 957 2082 qui
978 2015 1134 2084 pulverem

80 2106 195 2178 pedum
212 2104 277 2171 ejus
295 2098 562 2182 exoscplaremur?
580 2097 613 2163 ¹⁷)
641 2096 750 2151 Nonne
776 2107 805 2152 et
821 2113 877 2152 nos
896 2100 964 2154 faex
981 2118 1085 2159 sumus
1103 2115 1135 2160 et

81 2192 201 2268 peccati
225 2192 360 2247 sentina?
393 2193 546 2258 Agnoscat
563 2182 598 2253 ¹³)
616 2185 741 2241 verbum
760 2188 868 2256 modo,
894 2200 923 2243 et
946 2205 1053 2247 servos
1075 2211 1133 2251 nos

81 2283 311 2358 praestabimus.

148 2379 247 2435 Porro
271 2377 325 2444 iis,
350 2375 401 2446 qui
425 2373 589 2429 doctrinam
613 2372 699 2428 istam
723 2383 752 2428 et
769 2374 853 2432 verbi
870 2375 1067 2434 ministerium
1084 2390 1135 2437 aut

82 2472 221 2527 damnant
248 2477 298 2520 aut
327 2473 536 2529 contemnunt,
564 2471 612 2518 aut
637 2463 762 2519 subdole
790 2477 1028 2537 persequuntur,
1053 2472 1133 2526 nulla

80 2559 191 2630 gratia,
215 2557 293 2609 nulla
311 2554 457 2619 charitas,
482 2551 558 2604 nulia
577 2551 755 2620 benignitas:
782 2571 949 2625 quanquam
967 2569 997 2612 et
1014 2559 1075 2613 hoc
1094 2562 1134 2617 sit

80 2662 216 2703 summae
235 2643 402 2709 charitatis,
431 2640 524 2693 furori
542 2632 578 2707 ¹4)
605 2651 633 2693 et
651 2640 791 2710 impietati
811 2660 915 2699 eorum
933 2648 1071 2704 omnibus
1088 2651 1133 2704 vi.

80 2739 164 2792 ribus
185 2747 213 2788 et
230 2734 328 2787 modis
347 2731 498 2785 resistere.

146 2834 174 2886 Si
194 2843 291 2884 autem
309 2839 413 2882 extus
431 2829 590 2882 formatura
609 2825 703 2896 (quod
721 2828 874 2898 suspicor)
889 2832 1047 2890 Cardinahs
1061 2847 1131 2893 tuus

78 2933 140 2979 tam
159 2922 310 2992 egregium
326 2918 513 2989 hypocritam
531 2916 694 2986 praestitit,
712 2919 795 2972 vides
814 2931 846 2973 tu
865 2915 945 2991 ipse,
968 2942 1055 2993 quam
1073 2945 1129 2982 nos

78 3014 153 3068 nihil
167 3024 288 3065 movere
301 3010 421 3072 debeat,
440 3006 493 3059 sed
505 3021 601 3074 neque
615 3005 715 3058 fallere
728 3024 783 3061 nos
797 3011 954 3078 poteratis,
965 3003 998 3079 ¹⁵)
1011 3018 1130 3083 quando

79 3119 110 3159 et
138 3106 256 3158 Satanae
281 3099 475 3168 cogitationes
500 3112 560 3149 non
587 3095 773 3164 ignoramus,
799 3091 832 3164 ¹⁶)
860 3110 888 3152 et
912 3117 950 3155 ex
967 3096 1001 3169 at)
1028 3107 1128 3161 verbis

79 3196 155 3267 ipsis
180 3205 240 3246 tum
260 3190 442 3260 justificare,
469 3198 532 3238 tum
555 3185 691 3238 damnare
716 3187 878 3256 quemlibet
902 3208 1074 3260 possumus,
1093 3191 1128 3264 ut)

77 3284 190 3340 Scribit
208 3280 366 3335 Cardinalis
385 3289 454 3331 tuus
473 3292 540 3329 sese
559 3275 768 3344 praestiturum
786 3278 928 3350 deinceps
945 3282 1006 3336 Dei
1024 3287 1126 3366 gratia,

76 3375 163 3447 quod
172 3370 409 3426 ecclesiasticum
418 3365 618 3433 magistratum
627 3364 722 3417 decet.
735 3365 855 3433 Sit,hoc
866 3368 921 3421 fide
931 3368 1085 3448 ἀνυποκρίτῳ
1094 3362 1127 3443 a,

80 3508 605 3543 Wl-

130 3626 150 3673 1)
165 3618 420 3672 Viteb.†0mnium.
459 3617 481 3663 2)
496 3612 646 3658 Virriusit.
682 3613 905 3666 'hildeb-id.
944 3622 1125 3673 ttviteb.in

75 3698 269 3747 fidegufflst,
307 3691 613 3745 stVitehaguaseatur.
652 3689 672 3740 6)
687 3688 781 3733 aurit.
802 3702 821 3734 a.
860 3691 987 3743 Muris
1005 3697 1127 3757 faiswaps

74 3770 185 3832 probari.
223 3773 245 3819 8)
266 3767 361 3811 Vitat.
382 3764 444 3807 auhn
463 3773 542 3805 smnus
561 3760 664 3804 interim.
703 3762 839 3814 hauris.
862 3765 933 3811 iiiam.
973 3770 1125 3822 torvitas.

74 3846 232 3892 exitarunt.
270 3838 488 3894 titt'itebasiet.
524 3836 556 3886 12)
570 3834 666 3878 vitet.
682 3835 849 3891 oscuiaremut,
885 3842 916 3892 13)
931 3843 1024 3890 ⁴atatis.
1039 3858 1136 3903 :tanos-⁸

72 3923 154 3967 catur,
193 3910 440 3969 parturiterrori.
481 3910 514 3960 15)
532 3907 630 3951 Viteb.
651 3907 770 3962 poteritis.
812 3912 1127 3976 tttvitab.ianoremus,

72 3995 111 4047 m
132 3990 315 4036 Antii-ss.
367 3988 397 4034 ld>
422 3979 657 4037 Vitrupossinus.
699 3981 730 4033 19)
752 3982 845 4029 i'iteb.
863 3985 885 4031 Si
900 3986 945 4033 hac
960 3990 1005 4039 fide
1020 3993 1121 4042 shtcera.
