2574 4724
176 274 251 369 828
651 290 769 364 ··51“5244

175 452 271 509 urdo
295 464 462 525 promoveo
488 467 576 525 opus.
609 451 661 509 Tu
684 470 733 508 me
761 450 838 509 iliius
863 459 952 507 verae
967 453 1111 522 ‘gratiae
1143 442 1263 510 fideliter

189 543 383 611 commenda,
401 555 431 599 et
447 539 540 599 soiu'ta
556 543 725 598 Amandum
741 557 907 613 omnesque
923 542 1040 597 fratres
1061 543 1096 599 in
1116 544 1260 601 Domi'u'u.

188 633 263 690 Vive
281 643 311 688 et
327 633 392 687 vale
409 633 438 688 iu
457 633 588 692 Christo.
622 632 732 689 Salutat
748 643 777 687 te
797 632 950 703 Philippus
971 632 1132 690 etPrior
1147 646 1260 700 noster,

189 739 279 794 quem
295 738 390 793 nuper
405 721 490 777 Satan
502 723 585 792 jucto
602 722 700 777 latere.
711 722 747 777 de
765 731 844 776 tecto
863 721 893 775 in
910 723 977 787 fue
993 720 1019 788 ¹)
1042 724 1155 778 voluit
1173 725 1260 780 extio.

188 827 295 881 fuere,
323 811 376 866 sed
400 811 553 868 Dominus
578 820 659 866 certe
685 827 752 866 eum
776 811 956 866 miraculose
983 813 1147 869 servavit.
1183 815 1259 870 Nihi

189 901 261 954 dum
270 902 394 956 ‚auditur
408 902 445 956 de
463 902 672 980 Schatzgeyrio
689 911 753 956 tuo.
766 898 802 968 ')·
828 899 1010 955 Mumarrus
1022 899 1180 958 habitum
1194 921 1257 959 cum

190 991 253 1049 suis
276 992 400 1047 mutavit
423 1007 556 1061 gressus
571 1006 641 1044 cum
665 989 805 1045 omnibus
828 991 1075 1058 monasterium,
1104 995 1209 1049 factus
1231 1003 1258 1048 ut

190 1080 278 1154 aliqui
295 1082 412 1149 dicunt,
439 1079 608 1135 eanonicus
632 1079 774 1149 regularis
797 1080 843 1134 vei
869 1079 1064 1135 studentium
1091 1084 1257 1140 ordinisiu

83 1167 86 1173 ’
186 1171 344 1240 collegio,
361 1170 414 1225 sed
431 1180 531 1223 manet
546 1179 644 1223 tamen
660 1166 818 1236 Murnarr,
837 1177 870 1223 ut
889 1155 950 1222 fuit.
978 1169 1009 1235 2)

255 1259 432 1326 Memento,
457 1258 497 1313 mi
514 1258 708 1325 Brismanne,
732 1266 764 1312 ut
786 1271 841 1328 pro
864 1253 984 1312 scholis
1005 1275 1191 1328 puerorum
1207 1272 1253 1317 su.

190 1350 306 1407 tuendis
328 1349 452 1403 fideliter
473 1347 600 1402 labores.
633 1347 713 1402 Nam
736 1345 789 1402 hic
812 1347 930 1402 Satanas
955 1349 1054 1404 sentit
1082 1369 1161 1412 sese
1186 1354 1252 1425 peti,

89 1449 94 1462 '
190 1439 261 1494 dum
277 1438 432 1509 pueritiam
447 1436 504 1492 sibi
522 1435 595 1507 eripi
611 1436 718 1491 metuit
734 1445 763 1490 et
784 1434 945 1490 incredibili
967 1447 1033 1492 arte
1055 1456 1133 1496 sese
1151 1444 1250 1514 passim

190 1528 326 1601 opponit.
362 1525 548 1582 Commendo
565 1525 605 1578 ob
623 1525 652 1579 id
668 1525 721 1580 tibi
732 1525 814 1585 hunc
826 1525 972 1595 juvenem
981 1524 1176 1587 Johannem
1187 1531 1251 1588 Had.

192 1619 338 1674 damirum
352 1617 401 1672 his
419 1616 508 1672 rebus
526 1616 666 1670 idoneum
677 1616 826 1671 curandis.
838 1613 868 1684 ³)
885 1615 1037 1673 Witemb.
1052 1621 1177 1678 feria‘2.
1194 1629 1251 1696 post

183 1708 271 1766 'visit
289 1707 404 1764 Mariae
421 1704 600 1762 MDXXIV.
658 1780 660 1784 Ι

224 2039 250 2099 6.
269 2038 406 2110 {italici
1045 2041 1105 2100 N0.
1124 2045 1225 2104 DCX.

460 2185 462 2189 ’
551 2185 599 2256 itt
621 2183 712 2269 {iti-
734 2184 901 2268 itote.-

240 2347 323 2398 ῖὸίτεη
341 2347 369 2400 S·
382 2345 460 2400 nonu
478 2346 519 2398 tuo
536 2345 610 2393 rictu
625 2344 733 2399 uttditt
750 2345 776 2391 tn
795 2346 880 2398 (ἐνῆκε
897 2352 922 2396 tu
940 2342 1113 2405 untrrtti'rprm
1133 2352 1250 2402 mansor

191 2428 237 2489 aon
251 2421 325 2473 witi·
340 2421 448 2472 mitituut
462 2420 516 2469 tot.

336 2627 388 2679 κω
400 2624 565 2671 Auriiaber
577 2625 605 2671 11.
619 2628 665 2674 30⁹.
690 2625 788 2679 iotutsdt
803 2629 843 2678 ito
856 2627 951 2677 moto
963 2628 1027 2675 XXI.
1042 2634 1093 2682 901.

158 2803 159 2807 ’
190 2744 297 2846 Venit
312 2789 408 2845 Jonas
426 2790 461 2845 ad
478 2807 551 2858 vos,
568 2792 608 2845 mi
625 2791 743 2862 Lange,
763 2810 857 2848 uxore
874 2794 926 2849 hic
945 2796 1045 2849 relicta
1064 2798 1170 2858 vicina
1188 2820 1244 2875 par.

191 2881 253 2948 tui,
269 2889 302 2935 ut
318 2881 414 2935 fratris
432 2880 508 2950 aegri
524 2880 686 2949 rationem,
704 2887 767 2936 tuni
785 2885 869 2938 etiam
882 2900 951 2938 suae
968 2885 1012 2939 rei
1026 2886 1155 2946 habeat.
1190 2894 1243 2948 Ro.

192 2983 240 3045 gat
257 2974 354 3044 itaque
372 2982 403 3028 et
419 2990 474 3041 ego
491 2989 582 3041 rogo,
600 2984 632 3027 ut
650 2973 774 3029 fideliter
791 2976 817 3030 ei
834 2992 977 3047 cooperes
987 3017 997 3044 ‚
1014 2970 1047 3041 ²⁴)
1070 2983 1189 3051 quibus
1206 3002 1242 3039 rc

192 3063 248 3119 bus
275 3074 304 3117 te
328 3076 404 3133 opus
428 3061 579 3129 habuerit,
606 3079 666 3132 quo
692 3063 778 3116 citius
795 3064 951 3120 absolutus
978 3066 1103 3123 domum
1133 3076 1240 3128 redeat.

192 3153 257 3210 Scis
275 3163 320 3220 tu,
345 3152 469 3222 quijam
486 3161 570 3204 extra
588 3153 764 3221 paupertatis
781 3152 947 3223 periculum
964 3156 1082 3226 positus
1101 3175 1159 3231 es,
1181 3163 1242 3234 quid

94 3274 97 3279 .
136 3300 140 3308 ἱ
192 3243 231 3299 sit
254 3242 388 3297 laborare
411 3240 532 3312 penuria
549 3241 597 3294 vel
614 3252 696 3295 metu
712 3243 870 3313 pecuniae,
899 3262 955 3315 qua
979 3245 1152 3306 infirmitate
1172 3257 1241 3309 forte

192 3343 222 3389 et
236 3331 331 3387 Jonas
357 3341 503 3401 aegrotat,
530 3330 569 3385 ob
587 3331 704 3385 ductam
721 3334 895 3388 uxorculam
921 3344 951 3388 et
968 3353 1033 3389 rem
1055 3339 1241 3398 familiarem.

192 3420 273 3477 Sicut
290 3421 388 3492 itaque
405 3418 581 3475 confidimus
598 3431 657 3474 tete
676 3421 839 3491 iacturum,
858 3423 896 3477 ita
913 3441 1071 3494 rogamus,
1093 3440 1125 3485 ut
1145 3435 1242 3489 facias.

241 3592 262 3640 t)
277 3591 343 3636 tint.
358 3589 422 3635 toro.
472 3590 494 3636 2>
508 3589 660 3639 mitwortr:
676 3589 738 3635 Nihil
752 3592 832 3637 -toit
844 3595 917 3645 frater
930 3595 1004 3642 initu
1018 3597 1071 3641 Act.
1082 3597 1107 3643 Β.
1160 3604 1185 3655 3)
1199 3604 1241 3653 ou

192 3663 288 3712 morte:
309 3662 432 3708 Memento
445 3686 471 3698 -
481 3684 506 3695 -
519 3661 628 3708 curandis
642 3662 715 3715 tritta
730 3664 763 3710 int
777 3665 838 3714 Qui.
852 3667 899 3721 iic.
953 3668 976 3721 ai)
993 3668 1091 3714 Auris.
1111 3677 1241 3733 scopam

191 3738 254 3785 titii.
268 3735 416 3792 coopereris.

192 3963 213 4010 N
241 3892 411 4010 *ὲοῖτεᾶῗηῒ
430 3891 469 3944 iit
488 3891 524 3964 (οι
545 3890 599 3938 tuti!
617 3900 641 3937 rr
658 3899 726 3961 prim
745 3892 785 3944 iia
798 3892 942 3948 stidtiritr.
968 3896 1000 3947 <3-
1015 3896 1059 3947 uir.
1072 3905 1095 3946 u.
1109 3901 1172 3954 nau.
1187 3902 1241 3952 tm

215 3974 237 4015 ο.
302 3993 309 4007 1
344 3970 346 3974 ’
383 3997 389 4011 .
