2574 4724
546 325 635 399 Ὧι
1054 331 1118 400 W

65 495 198 541 caeteras
215 483 295 556 leges
313 483 417 541 civiles
436 483 513 541 hanc
536 487 634 542 sanxit
658 487 798 559 quoque,
824 485 925 543 Exod.
942 486 1058 554 xxtt„
1080 495 1116 542 ut

64 575 204 646 duplum,
223 576 435 647 quadruplum,
451 575 637 647 quintuplum
648 577 822 632 redderetur
832 580 856 644 ¹)
874 578 965 631 afure
978 592 1032 646 pro
1044 592 1114 648 qua.

64 664 142 719 litate
153 665 241 730 furti,
257 676 424 720 moreretur
440 679 554 732 autem,
571 665 597 720 si
614 664 767 720 hominem
783 679 865 721 esset
881 668 1012 734 furatus,
1031 666 1113 737 quod
1208 663 1211 668 ’

64 755 88 808 si
106 770 167 808 non
184 753 325 823 haberet,
349 754 413 825 ipse
430 754 617 809 venderetur.
653 753 753 828 Quam
769 755 865 825 legem
882 766 910 811 et
927 757 1066 811 Salomon
1083 758 1114 812 in

62 842 236 898 Proverbiis
254 843 376 915 probat,
400 843 451 897 ubi
473 843 560 912 dicit,
584 843 679 897 furem
700 859 792 914 posse
813 844 976 900 substantia
994 845 1115 902 vendita

63 949 131 987 sese
145 933 306 1000 redimere,
328 932 493 987 adulterum
510 948 583 987 vero
597 933 723 986 enimam
738 933 873 1004 perdere.
906 934 1023 990 Utinam
1036 937 1113 992 baec

63 1024 113 1078 lex
133 1019 327 1094 reciperetur.
405 1057 409 1062 ·
456 1016 461 1037 ⁸
1080 1064 1121 1121 (5
1215 1081 1219 1089 ,

80 1150 83 1158 .
125 1113 178 1167 De
194 1112 278 1166 amici
290 1112 332 1166 tui
347 1110 536 1189 matrimonio
547 1111 592 1166 sic
607 1111 714 1168 sentio.
749 1112 856 1168 Anima
869 1113 935 1185 plus
953 1120 1008 1183 est,
1023 1132 1120 1187 quam.

62 1217 189 1272 corpus,
210 1211 239 1256 et
259 1201 381 1273 spiritus
398 1201 511 1270 major,
529 1216 617 1272 quam
635 1211 754 1257 venter:
775 1218 846 1256 cum
860 1218 932 1273 ergo
948 1201 1001 1258 hic
1017 1204 1116 1260 anima

62 1293 127 1362 ejus
154 1290 351 1362 periclitetur,
377 1289 436 1360 illic
464 1305 537 1344 vero
560 1289 659 1344 solum
686 1300 792 1346 venter
818 1291 1002 1361 amicorum,
1029 1293 1113 1349 vides

62 1382 132 1453 quid
153 1381 178 1434 ei
198 1381 236 1435 sit
256 1380 502 1452 praeeligendum.
537 1377 658 1451 Nempe
681 1388 714 1434 ut
735 1391 862 1437 maturet
884 1399 1013 1438 uxorem
1034 1384 1133 1444 acci„

61 1488 150 1540 pere,
170 1479 199 1524 et
216 1469 343 1541 primum
358 1468 475 1523 animae
496 1484 566 1522 suae
586 1468 762 1538 consulere,
785 1482 891 1540 postea
916 1473 942 1527 ei
966 1473 1113 1544 supersit,

60 1561 138 1614 unde
163 1569 192 1614 et
217 1559 336 1614 illorum
358 1557 455 1613 ventri
482 1567 512 1612 et
534 1558 704 1613 necessitati
728 1572 892 1616 succurrat.
926 1562 1040 1619 Faciat:
1065 1565 1113 1619 sin

59 1652 175 1718 minus,
195 1651 265 1705 Deo
282 1650 348 1705 illos
364 1649 569 1715 commendet,
590 1658 620 1702 et
638 1649 764 1703 unimam
779 1665 863 1705 suam
882 1652 1066 1721 lucrifaciat,
1079 1660 1114 1708 et

59 1759 121 1795 non
141 1750 232 1794 tentet
248 1741 299 1793 hic
317 1737 493 1792 Dominum.
528 1736 669 1806 Staupitio
689 1738 820 1794 nondum
843 1742 1112 1812 respondi,-audio
1185 1778 1187 1782 .

60 1848 136 1883 vero
157 1831 289 1898 ingentes
310 1829 404 1881 minas
425 1825 632 1894 Nutmbergae
652 1827 797 1897 parturiri.
831 1828 902 1884 Vale
926 1842 954 1885 et
977 1849 1030 1886 ora
1054 1848 1112 1903 pro

60 1935 120 1976 me.
153 1917 394 1986 Witembergae,
414 1918 440 1970 2.
458 1914 553 1982 Maii,
576 1931 653 1972 anno
670 1915 853 1976 MDXXIV.

751 2019 902 2079 Martinus
917 1985 1085 2083 Lutberusr

91 2355 225 2425 suan
517 2372 522 2380 ·
706 2380 709 2389 ·
923 2297 1086 2414 noct

362 2477 807 2560 bulttetbttietitttt.
911 2487 913 2493 ’
1058 2450 1061 2458 ’

109 2633 132 2680 tt.
145 2632 207 2683 feeut
220 2628 272 2682 sitin
286 2628 328 2682 tofi
342 2631 382 2676 tat
396 2630 553 2683 urrnrettuat
566 2629 592 2676 tn
605 2627 742 2683 &territura
755 2638 795 2682 sur
808 2628 936 2688 pentdatt
950 2631 1048 2683 πωπω,
1062 2628 1121 2680 unt'

59 2704 456 2829 pprpppppnrg'pppsottsorttter
469 2703 575 2756 teretur
589 2702 614 2748 tn
627 2701 796 2783 crustatim.
813 2705 866 2752 eber
881 2703 935 2769 eud
948 2714 993 2764 uon
1007 2708 1048 2754 ter
1061 2712 1115 2759 rute.

203 2951 531 3030 renuntiarentur.
558 2972 956 3056 oeattomoataxxtsss

59 3098 171 3197 Gratia
188 3153 216 3197 et
232 3159 292 3214 pax
308 3143 335 3196 in
352 3141 496 3197 Domino.
531 3134 698 3199 Cum'nihil
718 3142 877 3213 haberem,
901 3147 1011 3222 optime
1031 3144 1108 3204 Ger.

58 3231 144 3300 belli,
167 3234 247 3303 quod
266 3233 448 3298 scriberem,
473 3233 569 3298 visum
591 3244 655 3301 est,
676 3246 709 3288 ut
730 3234 791 3289 hoc
810 3233 910 3304 bajulo
930 3248 1108 3293 occurrente

58 3322 215 3374 salutarem
232 3333 261 3376 te
277 3335 306 3376 et
323 3338 475 3391 rogarem,
502 3319 534 3374 ¹ut
552 3311 660 3377 ¹omnes
680 3324 785 3383 iratres
808 3333 837 3377 et
857 3339 978 3378 sorores
996 3325 1025 3380 in
1042 3326 1109 3381 Do.

57 3411 140 3463 mino
157 3411 315 3478 salutares,
336 3412 557 3478 exhortareris,
581 3420 612 3466 et
629 3427 677 3465 me
695 3410 877 3467 orationibus
898 3430 1003 3468 eorum
1024 3433 1108 3470 corn.
1146 3422 1154 3487 f

56 3499 223 3562 mendares.
250 3500 348 3554 Audio
361 3488 439 3554 enim
455 3491 581 3554 verbum
597 3501 672 3571 apud
690 3515 746 3554 vos
760 3515 854 3570 paene
871 3497 1008 3572 regnare:
1026 3515 1107 3560 certe

56 3581 133 3659 opud
146 3603 211 3641 nos·
220 3585 327 3658 passim
339 3588 425 3642 latius
440 3583 530 3642 currit
546 3604 581 3640 ac
592 3587 730 3658 longius,
739 3605 800 3660 quo
815 3591 907 3661 magis
920 3580 1106 3663 prohibetur.

56 3682 195 3750 Occupat
216 3677 280 3747 jam
305 3663 538 3747 Magdeburgsm
562 3675 593 3731 et'
618 3670 761 3746 Bremas,
796 3695 869 3734 mox
890 3681 1104 3753 Brunsvigum,

56 3786 163 3840 spero,
183 3767 334 3836 migrabit,
353 3767 547 3838 praesertim,
567 3782 637 3820 cum
654 3766 799 3840 Princeps
818 3768 874 3824 illis
892 3771 921 3838 2)
938 3771 1106 3845 Heinricus,

68 3961 76 3967 ”
105 3987 125 4033 n
141 3971 192 4035 so.
207 3983 252 4030 un
266 3978 540 4050 internoscimus
553 3957 824 4057 oottlrr'tetmant'er.
853 4039 855 4042 ,
873 3987 896 4037 a)
911 3987 983 4060 stru.
996 3990 1059 4048 nuc.
1107 4035 1114 4047 ‚

971 4117 980 4143 l
