2574 4724
120 306 180 374 tao
595 306 685 374 1522.
702 305 706 314 “

183 461 305 518 Ductor
320 462 368 518 ille
386 462 610 537 Agrippinensis
623 463 775 522 Gerardus
792 464 935 534 vocatur,'
951 464 1037 521 natus
1052 476 1072 519 e
1090 462 1167 522 mvl:

114 562 182 608 tum
199 552 310 606 civium
327 553 549 609 coloniensium
566 556 721 625 sanguine:
750 555 886 610 sincerus
902 557 966 624 vir,
992 556 1042 628 qul
1062 557 1163 613 studio

117 642 249 698 veritatis
271 642 332 697 huc
356 642 504 712 ascendit,
530 654 560 699 et
583 644 679 716 primo
698 644 726 699 in
744 645 931 716 Cygneorum
947 646 1163 716 prophetarum

117 731 220 788 incidit
236 731 387 802 dogmata,
411 734 553 805 equibus
572 734 716 804 juvenem
733 735 873 789 Coloniae
891 735 1000 789 aluerat
1018 745 1047 790 et
1064 736 1169 790 audie.-

116 832 180 890 rat,
202 832 232 876 et
257 821 353 876 adhnc
376 822 445 877 satia
468 822 585 878 illorum
602 823 726 878 somniis
745 831 792 889 (ut
808 823 993 895 neophytus)
1010 834 1161 880 movetur.

117 911 234 966 Crescit
250 922 348 965 tamen
365 911 394 964 in
405 912 484 966 viam
499 927 598 966 sanam
610 911 756 982 paullatim.
790 912 925 983 Cygneae
938 912 1077 967 Thomas
1093 929 1161 968 cum

114 1001 178 1057 suis
190 1012 321 1057 monstra
334 1001 528 1072 plantaverat3
545 1000 685 1070 Egranus*
694 1001 852 1056 etiamnum
868 1011 1003 1072 portenta
1018 1003 1165 1070 seminata

115 1091 246 1163 undique
263 1092 334 1146 furit
351 1092 436 1146 Satan
452 1100 482 1146 et
499 1091 649 1145 insidiatur
664 1091 837 1161 Evangelio.
870 1095 911 1145 At
922 1092 1056 1163 Cygneae
1068 1093 1160 1147 modo

115 1181 211 1236 tribus
230 1181 353 1250 egregiis
367 1179 441 1235 viris
458 1179 645 1249 evangelistis
662 1179 738 1234 bene
755 1180 910 1250 provisum
928 1192 992 1249 est,
1020 1181 1089 1252 ipso
1114 1197 1164 1253 pa.-

114 1280 197 1326 store
214 1271 327 1342 optimo
344 1270 427 1338 viro,
445 1280 474 1324 et
491 1270 554 1325 aliis
572 1270 686 1324 duobus
704 1269 858 1339 Magistris
876 1270 1097 1327 Sacerdotibus.

180 1375 273 1431 Video
290 1384 387 1430 autem
398 1365 658 1446 Eulenburgenses
675 1362 790 1447 aliquot
805 1393 982 1447 segnescere
999 1393 1055 1447 pro
1075 1394 1162 1432 evan.

115 1466 218 1537 gelista
242 1466 395 1533 vocando,
425 1464 498 1519 alios
524 1480 597 1519 vero
623 1463 806 1534 desiderare,
834 1475 866 1520 ut
888 1460 1034 1536 Princeps
1058 1478 1163 1522 noster

115 1556 254 1610 Senatum
270 1554 362 1609 literis
380 1554 601 1622 adhortaretur,
622 1565 655 1608 ut
680 1555 790 1626 populo
808 1555 918 1611 misero
936 1555 965 1609 in
982 1555 1039 1610 hac
1057 1573 1091 1610 ne
1103 1574 1160 1611 ne.

115 1645 244 1700 cessaria
261 1656 290 1700 et
309 1654 408 1698 sancta
426 1644 581 1711 cederent,
599 1653 627 1697 ct
643 1644 691 1697 vel
708 1644 856 1698 Andream
867 1643 1095 1714 Kausdorlium‚
1112 1645 1160 1701 vel

115 1734 267 1791 Thomam
285 1733 430 1804 quendam
441 1731 674 1801 Wittembsrgae
686 1743 837 1787 vocarent.
871 1733 959 1787 Vides
971 1750 1042 1803 ergo
1055 1744 1084 1788 et
1095 1745 1159 1790 tuae

114 1825 249 1880 charitati
266 1824 317 1878 hic
335 1823 436 1878 locum
457 1838 539 1890 esse,
565 1823 589 1876 si
613 1838 629 1875 a
653 1822 792 1893 Principe
817 1824 904 1878 talem
926 1824 1161 1881 adhortationem

114 1915 272 1986 impetrare
296 1928 412 1984 posses.
445 1911 524 1966 Nam
548 1921 577 1966 et
598 1910 747 1982 Principis
772 1914 840 1978 et1)
867 1912 1017 1967 christiani
1041 1915 1159 1984 fratris,

114 2006 202 2059 etiam
218 2003 365 2074 Principis
383 2001 519 2071 nomine,
541 2001 680 2070 interest,
705 2001 783 2073 lupis
802 2002 967 2070 adversari,
995 2013 1024 2058 ct
1040 2022 1097 2075 pro
1114 2005 1160 2061 sui

113 2094 216 2168 populi
228 2094 319 2149 salute
332 2091 480 2149 solicitum
492 2106 568 2146 esse.
596 2090 679 2145 llanc
692 2090 778 2160 igitur
791 2108 893 2145 curam
903 2092 956 2146 tibi
969 2095 1159 2160 commendo.

178 2199 367 2254 Catlrarinum
383 2197 410 2265 ⁸)
428 2207 458 2253 et
475 2191 744 2268 Archiepiscopum
760 2197 905 2252 Venetum
922 2196 964 2265 “l
989 2210 1092 2252 contra
1109 2216 1158 2255 me

113 2289 279 2346 scribentes
297 2288 414 2360 accepi,
441 2299 470 2342 et
486 2287 561 2341 bene
578 2287 675 2341 ltaliae
696 2287 830 2355 tandem,
858 2289 939 2358 quod
964 2298 993 2342 et
1016 2289 1078 2359 ipsa
1096 2290 1159 2344 Ru.

112 2380 186 2435 beos
204 2391 234 2433 et
250 2379 403 2432 Alveldios
421 2377 525 2444 habet,
551 2393 589 2429 ne
613 2385 689 2430 tanta
712 2376 803 2445 gloria
820 2377 876 2430 soli
895 2377 1037 2433 Germani
1055 2395 1161 2450 super.

112 2470 219 2523 birent.
252 2467 364 2537 Iudigni
382 2477 450 2520 sunt
465 2466 515 2537 qui
534 2466 683 2535 legantur,
702 2466 810 2519 nedum
825 2467 901 2536 digni
915 2468 1023 2538 quibus
1035 2484 1161 2541 respon,

113 2560 224 2613 deatur.
258 2557 342 2612 Paris
361 2555 521 2611 autoritatis
539 2571 555 2609 e
572 2555 673 2626 Lipsia
690 2545 761 2610 mhi
780 2557 874 2611 attulit
885 2557 1035 2614 Dominus
1049 2558 1162 2616 Gerar.

113 2650 167 2703 dus
182 2647 286 2702 librum
302 2645 475 2700 llochstrati
493 2653 595 2699 contra
611 2661 659 2698 me
668 2684 677 2712 ‚
696 2661 860 2715 suppresso
878 2657 975 2702 tamen
993 2664 1048 2702 suo
1064 2652 1163 2706 nomi-

112 2757 166 2805 ne,
191 2737 243 2791 sed
268 2737 345 2807 stylo
363 2745 393 2790 et
418 2735 550 2803 ingenio,
576 2751 632 2788 ceu
650 2734 749 2788 asinus
767 2736 823 2789 sub
842 2736 934 2792 leonis
953 2739 1071 2793 auribus
1090 2758 1161 2811 pro.

113 2828 182 2896 diti,
206 2842 299 2897 vquem
316 2826 372 2894 igni
389 2824 534 2878 dedimus.
551 2822 609 2889 W)
643 2823 780 2879 Christus
799 2825 917 2881 infatuat
934 2843 1007 2881 suos
1023 2830 1161 2884 adversa.

112 2918 173 2974 rios
203 2916 329 2985 egregie.
362 2914 443 2967 Vale.
476 2911 526 2966 Ex
555 2928 622 2965 arce
651 2910 904 2983 Eulenbergensi‚
935 2917 1006 2970 feria
1033 2922 1058 2972 2.
1089 2930 1161 2990 post

112 3005 339 3063 Misericordias
356 3000 499 3070 Domini,
518 3017 593 3055 anno
611 3000 775 3059 hfflxxfl.

717 3109 719 3113 '
747 3115 786 3173 T.
804 3115 950 3198 Martinus
967 3118 1128 3178 Lutherus.

116 3304 635 3332 Μ

161 3417 183 3468 l)
197 3412 255 3459 cod.
269 3412 325 3457 len.
338 3405 372 3455 ul.

113 3533 339 3553 w

162 3623 184 3670 ⁸)
199 3612 389 3667 walesdrintld
402 3613 471 3666 brtirn
484 3610 590 3664 &duint
607 3608 737 3654 Excusatlo
747 3606 916 3666 disputationis
929 3613 1015 3659 contra
1027 3612 1158 3667 Luthcrnn

112 3693 142 3739 ad
155 3691 281 3736 universas
295 3685 417 3733 ecclesias.
443 3684 549 3730 Floreat.
565 3683 619 3729 1521.
632 3684 653 3729 h

161 3767 199 3814 ¹⁸)
213 3762 299 3813 virita
313 3762 404 3811 &tants
417 3757 481 3811 fiilttt
493 3755 612 3802 Fabricius
627 3753 740 3800 Cenlllol.
755 3753 824 3800 Latis.
839 3756 903 3807 nldtt'
912 3766 950 3803 un.

161 3839 212 3890 m,
226 3834 315 3884 welde
328 3831 419 3883 &detta
432 3832 459 3882 ut
471 3828 538 3882 titis
564 3827 636 3877 stirs
649 3832 686 3874 ott
699 3828 770 3880 tirtel
781 3831 831 3876 152t
843 3830 992 3883 asturicam,
1010 3833 1033 3886 s„
1046 3833 1104 3885 geg.
1118 3835 1157 3887 gg,

113 3913 155 3963 uui
170 3909 222 3969 Μ
239 3907 342 3959 etiaim
364 3904 477 3961 Dialogus
495 3903 524 3948 de
538 3900 697 3949 veneratione
711 3897 736 3946 st
749 3900 905 3950 invocatione
918 3905 1058 3952 Sanctorum
1072 3914 1158 3957 contra

113 3983 236 4047 perfidiam
248 3980 439 4030 Lutheranorum
450 3999 476 4011 -
484 3999 511 4012 -
521 3974 623 4023 authore
635 3974 658 4022 J.
671 3973 847 4024 l’hllalethe
859 3977 946 4027 colon.
959 3981 979 4030 t.
993 3983 1083 4037 carten,
