2574 4724
541 331 630 395 1522.
913 409 917 415 .
1050 327 1109 395 aas

62 484 191 557 primum
218 484 358 541 cordibus
383 484 543 555 infigendus
560 497 623 557 est,
649 498 712 543 mm
736 494 841 561 sponte
857 487 942 543 cadet
958 484 1109 559 impietas,

60 579 127 632 sine
150 590 253 632 manu:
283 585 312 630 et
337 576 589 646 affectuspietatis
612 579 738 649 primum
762 578 935 634 inserendus
952 586 1017 643 est,
1044 587 1110 634 tum

61 674 169 735 sponte
186 663 284 719 veniet
301 664 412 735 pietas,
436 676 466 719 et
483 665 547 733 fiet,
570 677 603 720 ut
618 682 741 734 regnum
758 665 819 722 Dei
835 666 896 722 vim
913 667 1055 738 patiatur,
1081 674 1111 721 et

61 752 182 808 violenti
197 751 269 807 ittud
285 752 406 823 rapiant.
439 752 590 827 Dominus
614 764 711 830 eastern
736 755 784 810 det
801 753 851 810 tibi
867 768 989 810 sensum
1005 764 1035 809 et
1050 753 1112 824 spi,
1128 793 1131 801 ·

62 843 166 908 rinna,
183 852 217 897 ut
233 842 337 911 dignus
354 842 394 896 sis
411 841 544 896 minister
560 840 666 897 Christi
684 842 732 899 iiiii
748 843 810 912 aui,
829 853 857 899 et
873 842 1026 898 benedicat
1042 859 1111 897 ver.

62 920 239 987 humanum
257 933 284 986 in
303 947 355 985 ore
372 941 441 999 tuo,
460 933 566 987 Amen.
592 931 692 989 Gratia
707 946 823 1002 tecum,
840 935 948 990 Amen.
975 934 1112 990 Wittem.

61 1021 188 1093 ben-gae,
205 1024 251 1078 dio
269 1022 388 1078 Coeoae
405 1022 548 1090 Domini,
564 1021 739 1078 MDXXII.

530 1111 539 1137 '
631 1127 734 1184 Frater
748 1127 898 1185 Martinus
914 1127 1078 1200 Lutherusa
1169 1180 1174 1199 ,

96 1462 140 1523 at.
157 1457 266 1527 danti
426 1501 432 1512 .
723 1457 781 1516 Νῦ.
798 1456 1075 1515 cchxxxvnt

449 1607 498 1676 tin
519 1605 729 1686 &antarta

112 1765 219 1820 namma
232 1765 270 1819 titt
282 1766 348 1824 tiata
358 1766 461 1822 amitat
473 1767 513 1816 m.
522 1764 674 1817 undanter.
699 1767 755 1817 unt
764 1764 892 1820 ceddum
899 1763 1024 1819 mortuina
1032 1764 1106 1814 mat

64 1847 133 1894 nram
145 1842 169 1890 t.
182 1850 209 1892 ιιι
222 1839 340 1892 {dartana

89 2030 441 2085 denuntiauerunt.
465 2033 523 2153 qn.
537 2033 595 2155 uqa.
606 2030 710 2151 Jeffin
723 2031 741 2078 ι.
756 2023 809 2080 ιιι.4
824 2028 924 2085 mand
936 2031 977 2084 ten
989 2028 1085 2081 mata
1121 2066 1125 2073 .

500 2107 530 2152 V.
578 2107 616 2160 aad.
691 2140 695 2152 .

95 2309 99 2316 ι
125 2236 268 2294 Domino
286 2237 425 2312 Georpio
442 2237 629 2310 Spoletina,
645 2237 874 2312 Euanqelistoe
892 2236 1006 2293 aulico.
1022 2237 1048 2305 ¹>
1103 2242 1109 2265 '

67 2385 215 2489 Salutem.
249 2428 314 2490 Hos
326 2429 441 2488 idaeilos
455 2434 489 2488 ad
500 2435 650 2507 hospitem
660 2450 761 2490 meum
773 2433 802 2489 in
812 2432 967 2490 voluerum
980 2446 1069 2503 reguo
1080 2428 1113 2501 ⁸>

63 2523 165 2591 mitte,
193 2540 320 2595 quaeso,
348 2524 388 2577 mi
406 2521 561 2594 Spatatine:
591 2525 689 2580 literas
714 2524 806 2579 modo
823 2523 952 2578 scribere
971 2539 1030 2578 non
1048 2531 1112 2579 erat

64 2613 168 2666 otium.
202 2612 254 2666 Est
271 2630 389 2684 quoque
406 2613 541 2668 Matthes
559 2613 764 2683 Buehbinder,
793 2613 840 2667 oui
857 2613 997 2684 promisi,
1020 2622 1052 2667 ut
1069 2612 1111 2666 in.

64 2701 248 2754 tercederem
265 2718 317 2773 pro
335 2718 392 2765 eo,
410 2702 434 2755 si
452 2719 509 2773 qua
520 2702 613 2773 possit
630 2703 692 2757 fieri
705 2702 809 2757 Pontis
826 2702 961 2770 magister
972 2702 1112 2757 Wittem.

64 2789 191 2857 bergas,
211 2790 347 2847 defuncto
365 2791 460 2845 officio
479 2792 543 2846 isto.
577 2791 693 2863 Pauper
710 2802 756 2846 est
772 2793 849 2846 enim
868 2803 897 2846 et
914 2803 994 2861 eget:
1012 2800 1111 2849 tamea

62 2880 165 2949 siquis
180 2881 271 2948 magis
289 2881 412 2935 idoneus
431 2893 496 2949 est,
513 2882 603 2935 nolim
621 2898 724 2949 urgere
740 2922 748 2946 ‚
764 2882 815 2937 sed
834 2883 885 2935 alia
903 2883 1013 2936 ratione
1023 2880 1110 2946 juva.

62 2970 103 3022 ri:
121 2970 166 3022 tao
183 2969 262 3039 quod
280 2983 365 3041 potes
384 2981 412 3025 et
430 2970 529 3024 debes.
564 2971 679 3024 Literas
696 2969 843 3025 Mirischii
861 2970 989 3025 remitto.

128 3088 195 3160 Ego
223 3090 309 3146 hodie
336 3092 462 3162 supplex
488 3090 680 3146 Caristadium
705 3092 784 3147 oravi
811 3091 961 3164 privatim,
986 3090 1110 3162 nequid

62 3189 224 3234 contremo
240 3181 356 3236 ederet:
372 3181 499 3249 alioquin
517 3196 650 3248 cogerer,
669 3181 735 3236 iicet
751 3181 869 3247 invitus,
886 3180 996 3234 mutuis
1014 3181 1110 3235 corni.

61 3266 117 3322 bus
135 3269 160 3332 2)
179 3269 328 3338 congredi.
363 3271 402 3321 At
419 3270 511 3322 homo
524 3269 594 3323 nihil
608 3279 710 3323 contra
721 3285 768 3323 me
785 3268 917 3324 scribere
934 3284 999 3324 sese
1016 3284 1109 3340 paena

62 3371 163 3412 sancte
175 3358 295 3428 dejerat,
314 3375 480 3430 quanquam
494 3358 698 3434 sexternioues
711 3357 787 3412 aiiud
798 3360 966 3430 loquantur,
984 3359 1033 3429 qui
1044 3359 1108 3428 jam

61 3449 119 3501 sub
144 3465 230 3502 manu
256 3449 394 3503 Rectoris
422 3457 449 3501 et
473 3437 614 3500 dudicum
639 3457 868 3518 cognoscuntur.
904 3447 1023 3501 Certum
1046 3461 1107 3517 est,

60 3555 110 3591 rue
128 3556 188 3592 non
206 3554 360 3608 passurum
378 3554 410 3590 ca
428 3555 501 3607 quae
512 3536 643 3605 scripsit,
661 3548 812 3595 contemto
825 3538 971 3591 scandalo.
1005 3542 1108 3611 Agunt

60 3641 175 3696 tamen,
192 3641 224 3682 ut
242 3627 288 3680 vel
307 3638 443 3696 revocet,
467 3626 513 3680 vel
532 3637 643 3696 premat
661 3626 808 3695 libellum,
833 3628 912 3699 quod
928 3645 989 3682 nou
1005 3645 1107 3697 urgeo.

111 3849 131 3896 t)
146 3818 278 3892 ttaa'con.
294 3843 347 3888 Jen.
397 3846 419 3895 2)
434 3842 529 3887 Auris.
544 3840 660 3888 carnibus.

59 3947 254 3962 ”—

110 4001 131 4050 ἰ
151 3996 351 4051 uuiltoniam.
