2574 4724
595 261 686 335 162&
835 289 840 300 ·
1107 258 1170 332 667

114 427 212 503 possit
230 427 423 500 respondere.
455 424 526 484 Hoc
544 424 633 497 igitur
650 421 874 498 supplicationis
891 420 1022 479 officium
1040 435 1111 477 cum
1128 419 1170 480 illi

115 537 222 590 negare
241 537 299 574 nec
321 519 446 574 debeam
465 533 523 572 nec
542 515 675 588 possim,
704 515 735 570 iu
753 525 837 569 tuum
853 514 950 569 sinum
972 509 1170 578 commendo,

116 610 168 680 qui
198 611 343 663 facturum
371 622 461 679 spero
489 616 538 675 te,
565 606 647 676 quod
680 604 839 658 commoda
866 600 981 675 poteris
1010 609 1170 672 praestare.

115 699 199 754 Bene
220 698 285 752 vale
309 697 339 752 iu
365 695 499 753 Christo.
533 692 775 762 Witembergae,
805 691 878 746 seria
897 688 923 746 6.
945 699 1012 762 post
1029 687 1168 755 Martini,

118 804 195 844 anno
214 785 397 844 Mnxxw.

799 869 952 929 Mutuus
972 869 1135 927 Lutherus.

148 1209 190 1268 st.
208 1204 405 1272 mattula.
756 1168 761 1175 ⁸
885 1200 937 1261 Nl
954 1198 1137 1263 ncxxxv.

491 1357 541 1427 tta
562 1353 775 1437 &retortu

164 1515 189 1564 t.
201 1512 333 1565 illustratet
345 1513 412 1562 stota
425 1515 540 1565 (tuturus
553 1512 794 1569 ataauararal'tstttf
804 1506 1114 1566 assuetissimum
1127 1514 1171 1553 aas

116 1586 196 1639 ofirttt
212 1588 263 1635 rtur
283 1587 397 1638 ttstttlttt
415 1589 595 1643 uasatretutttt
612 1588 638 1634 ta
655 1587 781 1640 scutata,
800 1585 847 1633 atat
864 1582 940 1640 ttaati
957 1579 1000 1635 tsi
1018 1582 1057 1629 tc
1074 1580 1172 1632 uttan

115 1661 142 1786 i:
154 1660 247 1785 5332?
257 1659 388 1786 ‘factasunt
401 1661 508 1714 artatur
521 1660 608 1711 uerte,
627 1659 673 1707 unt
691 1656 734 1711 tal
752 1667 808 1705 uua
825 1655 954 1710 luctuose
970 1651 1009 1708 titt
1026 1651 1062 1701 tte
1074 1652 1173 1708 sum

512 1830 722 1865 Ῑ--ιι-

152 1944 484 1998 asturiensium
510 1911 854 2067 saffiu'gpaara'as
877 1915 1140 1997 cordunculas
1161 1964 1170 1987 t

117 2136 261 2237 Gratiam
278 2189 306 2265 et
322 2196 438 2254 pacem.
472 2181 502 2239 Si
524 2198 588 2260 *qua
607 2182 798 2254 responderis
818 2181 946 2269 llrgulae
970 2187 1106 2247 nostrae,
1128 2178 1172 2238 ml
1204 2235 1208 2242 .

117 2270 278 2342 spalatino,
301 2287 376 2342 rogo
394 2286 474 2327 mess
492 2269 547 2327 has
570 2272 658 2327 simul
678 2272 714 2326 ad
734 2288 800 2326 eam
819 2271 920 2327 literas
941 2271 1060 2338 mittas,
1084 2276 1172 2342 potet

116 2362 213 2429 enirn,
234 2362 316 2433 quod
335 2376 391 2432 ego
411 2378 474 2417 nou
496 2378 632 2433 possum.

181 2475 308 2530 Causam
332 2473 589 2548 Kembergensem
617 2477 702 2533 etiam
726 2476 779 2532 tibi
806 2475 997 2533 commendo.
1030 2471 1174 2532 Sacerdo-
1228 2517 1232 2526 .

115 2565 221 2618 ticlum
249 2581 288 2620 ex
309 2566 422 2635 maj0re
443 2576 525 2638 parte
554 2583 593 2622 ex
618 2567 726 2623 civium
744 2566 833 2624 bonis
851 2566 1068 2633 coustitutum,
1094 2581 1173 2621 nurac

119 2654 261 2725 collapsis
286 2655 404 2724 missis,
431 2657 561 2727 cogitant
578 2656 606 2710 id
626 2657 657 2711 in
676 2657 782 2712 cistam
804 2671 995 2712 communem
1015 2653 1171 2721 conferre,

116 2741 183 2797 inde
207 2744 349 2798 solarium
372 2744 563 2816 ludimagistri
582 2733 743 2819 provisuri.
775 2745 830 2803 Pia
855 2754 901 2801 est
921 2744 1078 2815 cogitatio,
1105 2758 1172 2798 san.

116 2844 197 2888 ctum
228 2844 256 2889 et
284 2836 486 2890 necessarium
517 2851 614 2907 opus,
645 2835 766 2892 scholas
798 2835 997 2904 constituere,
1023 2841 1056 2888 ut
1082 2830 1172 2889 nosti.

115 2921 208 2980 Nunc
227 2924 341 2979 Listani
364 2925 527 2991 obsistunt,
547 2926 597 2997 qui
618 2926 728 2981 vicario
742 2927 812 2997 jure
824 2941 893 2980 cum
912 2921 1172 2980 senatchmber.

116 3015 200 3084 gensi
221 3014 341 3069 alternis
369 3013 557 3070 collationem
579 3024 724 3071 exercent
750 3015 815 3086 ejus
833 3012 1034 3071 sacerdotioli.
1068 3010 1103 3066 ld
1123 3025 1173 3066 ιιι.

115 3114 177 3158 tem
206 3104 395 3159 coutulerunt
424 3104 559 3173 cuidam,
589 3105 640 3177 qui
665 3105 734 3161 alias
759 3104 852 3160 tribus
877 3103 1028 3178 parochiis
1045 3101 1173 3174 potitur,

117 3194 222 3249 deinde
239 3211 299 3248 nou
316 3194 444 3262 residet,
461 3209 518 3249 uec
537 3194 699 3267 quidquam
717 3195 801 3261 facit,
817 3193 874 3249 nisi
891 3192 972 3265 quod
984 3190 1096 3248 reditus
1112 3204 1173 3249 neo

115 3283 224 3338 merito
238 3301 292 3338 nec
303 3283 476 3340 necessario
490 3284 658 3350 consumit,
676 3283 795 3341 interim
814 3284 952 3353 neglecto
966 3295 1073 3352 opere,
1091 3277 1172 3355 quod

116 3373 163 3426 his
189 3360 358 3442 promoveri
376 3382 494 3444 potest,
519 3374 695 3444 praesertim
713 3390 783 3427 cum
808 3373 847 3427 sit
871 3372 980 3427 civium
998 3371 1170 3429 substantia.

117 3461 176 3517 Fac
194 3463 290 3534 itaque
309 3462 389 3534 quod
408 3470 512 3532 potes,
530 3476 565 3516 ac
581 3462 647 3516 vale
660 3462 695 3528 jn
714 3461 861 3517 Domino.

183 3573 394 3629 Leisnicenses
412 3557 625 3631 Tilomaunuui
643 3575 721 3630 fame
739 3575 855 3629 tandem
876 3574 1033 3647 expellent.
1066 3574 1170 3632 Bonus

116 3666 164 3724 vir
180 3667 308 3735 graviter
323 3665 474 3736 queritur,
491 3681 546 3719 cur
559 3665 707 3737 Princeps
726 3664 764 3719 ibi
783 3667 901 3722 cessat?
931 3666 988 3722 Sed
1004 3661 1052 3721 his
1069 3681 1171 3719 exem.

116 3755 174 3827 plis
193 3753 351 3808 credemus
370 3753 452 3822 fore,
477 3762 512 3808 ut
527 3751 685 3825 parochias
703 3752 853 3823 resignent
869 3753 939 3809 boni
958 3755 1033 3822 viri,
1059 3753 1109 3824 qui
1126 3753 1171 3810 sio

117 3858 219 3917 postea
238 3844 488 3914 derelinquantur.
521 3850 570 3897 An
589 3859 691 3899 narsus
719 3844 755 3897 ad
773 3843 950 3898 monasteria
969 3843 1172 3915 propcllentut

116 3937 238 4009 potius?
255 3933 427 3990 Discruciat
443 3950 492 3989 me
509 3933 707 3991 vehementer
721 3933 782 3989 hoc
799 3933 963 4008 pessimum
980 3934 1171 4008 exerupltuu,
