2574 4724
193 306 256 382 291
672 311 762 379 tata.

192 469 272 526 enim
294 469 333 524 rbi
358 479 512 542 parentum
534 470 675 527 autoritas
700 468 878 547 111111οω111
901 466 1086 533 obedientia,
1105 475 1200 540 atque
1216 465 1245 538 ¹)

190 558 271 613 hanc
287 559 382 613 laudat
397 559 505 628 Deus,
523 575 611 630 quam
629 568 659 615 et
676 569 757 615 tanto
774 560 872 629 rigore
888 566 1084 630 praeceperat
1101 556 1132 615 io
1143 557 1248 614 Deca-

190 648 271 719 logo.
305 649 362 704 Sed
380 649 451 720 quid
467 649 560 718 haec,
580 665 674 720 rogo,
698 650 732 703 ad
748 647 933 713 monasticen
949 646 1141 718 sacrilegam,
1160 640 1247 720 'quae

190 739 254 797 tere
266 754 387 809 semper
398 749 501 795 contra
513 749 665 817 parentum
677 737 862 801 autoritatem
874 735 949 792 lilios
961 733 1100 805 attrahit,
1117 745 1145 794 at
1158 755 1248 810 pror.

189 839 244 890 aus
260 829 405 898 extinguit
422 828 620 884 obedientiam
637 828 715 883 illam
733 827 870 883 divinitus
887 832 1050 895 statutam,
1063 842 1117 882 sua
1130 827 1247 885 abomi-

188 917 295 987 nabili,
313 918 474 975 execrabili
493 926 521 973 et
537 918 664 973 electitie
682 917 872 973 obedientia?

254 1016 307 1071 Tu
324 1017 413 1089 impia
429 1017 573 1084 cuculla,
587 1016 617 1085 ²)
642 1016 710 1089 quis
728 1026 758 1072 te
774 1014 875 1071 docuit
892 1013 1005 1070 divinas
1017 1027 1115 1070 rosea
1132 1013 1185 1070 sic·
1201 1014 1246 1071 in.

188 1108 363 1177 terpretari‚
381 1117 414 1183 ut
431 1107 539 1161 oculos
556 1105 585 1159 in
599 1122 695 1176 opera
711 1104 774 1164 oola
790 1104 882 1175 figere
894 1143 904 1171 ,
918 1103 1118 1162 obedentiam
1134 1114 1167 1161 et
1182 1104 1245 1163 Dei

190 1196 316 1252 verbum
327 1192 357 1264 ³)
376 1197 536 1266 omittens,
552 1195 580 1250 id
598 1196 683 1268 quod
697 1195 733 1250 de
751 1193 856 1252 divinis
873 1192 1040 1267 praeceptis
1055 1192 1170 1250 dictam
1181 1205 1243 1264 eat,

187 1293 330 1357 torqueas
347 1294 492 1357 perpetuo
509 1285 545 1340 ad
562 1282 779 1341 monachorum
794 1284 951 1348 temerarie
975 1281 1071 1340 studia
1088 1270 1120 1340 et
1138 1283 1245 1345 iuven,

187 1373 308 1431 tiones?
342 1373 391 1429 Da
414 1384 566 1444 parentem
591 1375 822 1445 praecipientem
842 1372 932 1441 filiis,
958 1383 988 1430 et
1009 1372 1108 1429 adhuc
1124 1372 1241 1444 dicam,

187 1473 330 1533 oportere
356 1463 383 1519 ei
409 1463 533 1520 obediri.
567 1461 640 1520 Non
662 1464 731 1536 quia
755 1479 861 1536 parens
877 1461 972 1519 homo
989 1461 1033 1517 sic
1049 1463 1242 1536 praecipitet

188 1554 323 1622 ordinat,
342 1554 395 1609 sed
415 1543 482 1625 quia
498 1554 585 1611 Deua
603 1564 763 1626 praecepto
781 1569 837 1609 suo
854 1553 932 1607 illius
948 1562 1142 1625 praeceptum
1158 1552 1243 1612 inati-

186 1642 261 1709 tuit,
286 1653 317 1698 et
341 1642 541 1699 obedientiam
555 1643 657 1713 exigit.
691 1643 721 1698 Si
738 1660 813 1698 vero
831 1640 1063 1711 Schatageyerns
1080 1652 1164 1699 recte
1180 1641 1242 1707 hoo

188 1733 361 1806 exemplum
383 1725 415 1797 ⁴)
440 1742 559 1802 tractat,
584 1747 709 1791 necesse
733 1742 798 1801 est,
825 1732 990 1788 monachos
1012 1746 1082 1787 -esae
1108 1735 1241 1791 camales

187 1832 466 1894 parentes-auorum
487 1823 721 1878 monachorumr
746 1821 771 1876 si
795 1831 932 1893 parentes
955 1838 1016 1877 non
1039 1831 1129 1889 sunt,
1151 1838 1242 1895 qum

188 1912 284 1982 dignis
300 1912 402 1969 modis
418 1928 451 1967 se
465 1912 564 1984 ipsum
581 1913 656 1967 ridet
672 1900 733 1966 tam'
742 1911 875 1982 stupidus
888 1911 1241 1976 eonnorptnuaterena

188 2003 362 2073 exemplum
378 1997 535 2073 paternalis
551 1993 583 2067 ⁵)
601 2002 764 2058 autoritatis
782 2013 812 2058 et
828 2000 923 2058 filialis
943 2000 1147 2070 obedientiae,
1167 2003 1242 2059 utri.

187 2106 286 2163 traque
303 2092 403 2147 aDeo
421 2084 587 2160 institutae,
605 2092 641 2147 ad
656 2093 797 2148 larvatam
807 2086 835 2156 θ)
852 2091 932 2147 illam
947 2089 1104 2148 hominum
1116 2102 1242 2151 etsom.

187 2182 246 2237 uiis
270 2181 464 2252 excogitatam
490 2181 554 2237 aine
571 2181 666 2237 verbo
682 2181 742 2237 Dei
767 2181 953 2237 autoritatem
976 2192 1007 2237 et
1029 2181 1242 2252 obedientiam,

188 2268 217 2326 0
235 2270 410 2330 Monachos
427 2270 531 2327 idiotas
548 2280 578 2326 et
594 2280 716 2326 truncos
738 2269 912 2326 insensatos.
944 2270 1008 2327 Vos
1030 2265 1144 2329 audetis
1165 2273 1243 2331 acri·

187 2357 261 2416 bere
279 2360 394 2416 libros?
411 2351 443 2424 ⁷)

254 2455 345 2523 Certe
363 2467 516 2525 parentum
533 2457 671 2512 autoritas
686 2457 784 2527 major
800 2465 847 2513 est
864 2459 944 2514 omni
969 2458 1136 2527 autoritate,
1165 2476 1242 2532 quaa

188 2544 246 2600 sub
261 2545 333 2599 Deo
352 2556 408 2601 est.
440 2546 519 2603 Nam
530 2547 602 2603 nulli
611 2541 642 2614 ⁸)
660 2546 782 2602 dubium
794 2559 857 2617 est,
876 2550 947 2622 quin
964 2550 1047 2606 Isaac
1064 2559 1150 2608 recte
1161 2551 1243 2610 fece.

188 2633 412 2700 rit„obediens
433 2636 510 2707 patri
531 2651 588 2691 suo
606 2635 756 2692 Abraham
772 2629 802 2705 ⁹)
821 2637 856 2692 ad
878 2648 1024 2707 mortem,
1049 2655 1120 2695 cum
1141 2647 1243 2698 tamen

187 2722 262 2779 nihil
280 2740 296 2776 a
312 2723 384 2778 Deo
401 2724 437 2791 ¹⁰)
456 2726 567 2780 dictum
585 2736 664 2783 esset
681 2726 782 2795 Isaac,
806 2728 861 2783 nisi
883 2728 944 2783 hoc
965 2744 1073 2786 unum:
1100 2729 1244 2788 Honora

187 2813 324 2872 Patrem
341 2824 400 2869 etc.
433 2814 562 2870 Proinde
582 2816 607 2871 si
625 2827 744 2885 paterna
763 2818 919 2890 autoritas,
936 2819 1052 2874 abires
1072 2820 1243 2890 poscat,¹¹)

187 2902 219 2959 io
235 2903 324 2959 vitam
348 2913 377 2957 et
401 2888 511 2975 corpu's
535 2921 656 2976 quoque
678 2906 726 2960 filii
752 2907 932 2975 dominatur,
956 2915 989 2961 ut
1005 2919 1033 2963 et
1049 2910 1195 2967 occidere
1211 2921 1243 2970 et

188 2995 320 3048 vendere
334 2992 448 3064 possit,
461 3005 493 3048 ut
507 2992 607 3048 Exodi
619 2995 716 3050 XXII.
732 2992 887 3053 scribitur:
905 2998 976 3069 quid
986 2998 1058 3057 novi
1070 3008 1133 3069 eat,
1153 3001 1185 3058 in
1197 3018 1244 3058 es·

189 3100 257 3139 cem
273 3092 302 3138 rt
317 3094 433 3139 vestem
451 3101 572 3156 quoque
590 3085 754 3142 dominari?
787 3087 844 3141 Sed
867 3090 927 3142 adn
949 3103 1023 3144 mox
1047 3090 1115 3144 talia
1136 3107 1243 3148 exem.

134 3162 136 3168 ’
187 3175 237 3246 pla
254 3175 294 3242 ¹²)
316 3175 486 3253 parentibus
513 3175 599 3230 etiam
625 3175 696 3246 ipsis
720 3176 869 3231 imitanda·
884 3187 968 3246 sunt,
996 3179 1075 3235 sicut
1103 3180 1243 3241 iecerunt

189 3280 276 3332 reges
292 3264 401 3332 Israel,
424 3263 625 3332 pacrificantes
650 3266 790 3337 exemplo
808 3266 946 3321 Abrahae
971 3265 1046 3323 filioa
1065 3283 1140 3325 suos
1160 3271 1241 3328 idolo

189 3351 339 3421 Moloch,
365 3353 495 3408 arbitrati
512 3350 549 3417 ²³)
573 3368 604 3406 ae
626 3353 697 3409 Deo
719 3354 897 3427 obsequium
922 3366 1083 3427 praestare.
1118 3357 1240 3433 Quanto

187 3445 286 3520 minus
304 3443 373 3498 licet
388 3442 504 3500 homini
515 3443 670 3515 cuiquam,
688 3444 737 3516 qui
750 3459 856 3516 parens
868 3462 929 3501 non
941 3457 1002 3516 eat,
1019 3447 1084 3503 sine
1097 3448 1238 3520 singulari

238 3690 449 3754 nvnfnnreea.
485 3691 805 3751 avietnpnxtnonta.
848 3695 1099 3760 numentano.
1136 3684 1238 3749 ovat

191 3763 215 3810 b.
231 3776 285 3811 er.
328 3765 537 3823 Slvitpatriae.
578 3769 600 3821 6)
615 3766 672 3812 vit.
687 3769 712 3812 et
725 3771 868 3826 praeceptae
882 3770 911 3816 ad
924 3769 1067 3818 larvalem
1090 3772 1189 3826 nvit.
1202 3775 1240 3834 qai

190 3838 587 3886 tameuaudentsoriberelibrot.
636 3839 731 3891 atVit
746 3853 802 3887 nou.
852 3847 874 3895 1)
888 3843 946 3889 Vit.
959 3844 1077 3892 Abrabae.
1130 3850 1164 3898 11)
1180 3849 1238 3895 vit.

190 3909 352 3966 abeonihtl.
403 3914 436 3962 ill
458 3912 516 3961 Vita
537 3911 652 3971 postulat.
703 3914 737 3965 ¹2>
758 3914 815 3960 Vit.
836 3915 882 3964 sed
899 3915 1058 3966 tal.ex.non
1077 3918 1239 3971 ideoatatln.

190 3981 227 4033 13)
239 3982 297 4030 Vit
311 3982 466 4041 arbitrantes,¹
563 4039 566 4045 ‚
729 3985 732 3989 ’
