2574 4724
538 325 628 398 1524.
1051 324 1113 392 585

67 502 118 544 rer
135 487 294 560 expulsus,
319 495 348 542 et
363 485 591 543 laetificarentur
605 486 711 567 hostes
728 486 862 560 pietatis,
885 485 966 558 quod
984 493 1115 557 sperant.

63 577 175 649 Neque
187 578 264 632 enim
274 593 340 632 meu
351 578 475 633 mutatio
486 586 591 650 posset
603 578 667 633 sine
677 593 785 648 magno
801 594 920 632 rumore
931 575 1004 632 fieri.
1038 575 1115 630 Pro.

63 667 131 721 inde
155 657 213 736 ego
226 665 298 722 nihil
315 666 433 734 malim,
455 682 544 737 quam
569 674 603 721 ut
624 667 736 734 sciam,
757 682 794 720 an
818 676 955 739 oporteat
974 680 1030 722 nos
1055 664 1114 719 isto

62 756 155 812 modo
172 767 313 831 torquere
330 773 366 810 an
384 772 491 824 secus,
510 756 647 828 quamvis
663 756 770 810 frustra
786 754 848 809 hoo
864 766 947 827 opto.
981 755 1038 810 Sed
1052 770 1113 809 non

63 864 116 900 ero
141 846 286 901 molestus
309 843 485 900 solicitando
509 830 654 918 amplius,
680 853 709 898 et
732 845 883 900 Dominus
908 843 1007 913 dabit,
1031 840 1114 917 quod

23 957 27 963 ·
63 938 140 991 iacto
159 936 198 992 sit
215 951 305 1007 opus.¹
336 933 521 990 MDXXIV.
689 919 695 927 ¹

807 1022 901 1080 Mart.
919 1022 1080 1080 Lutherus.

94 1355 412 1420 carentonam.
537 1412 540 1416 ,
644 1311 707 1378 .'
816 1354 1079 1413 Neocxovnr.

440 1505 489 1576 0οι
510 1504 725 1586 enotatis.

108 1665 180 1715 ttrite
197 1667 271 1720 zotto
289 1663 386 1718 &aaut
404 1665 500 1720 nertin
517 1672 571 1712 ton
589 1665 715 1721 atestino
736 1663 859 1716 uetuer-
875 1664 943 1717 anei
960 1663 1054 1719 ardut]
1073 1664 1111 1714 ati

59 1740 128 1792 trien
147 1740 249 1794 stiterit
263 1739 341 1789 maus
360 1738 416 1785 iiber
433 1739 468 1785 tte
486 1739 520 1790 oft
538 1737 643 1791 iniisti
660 1736 811 1790 itooomtmt
823 1739 1016 1793 uotettgtntettr
1034 1739 1112 1796 tutent

60 1815 110 1860 tint
124 1812 246 1868 wtutelttt
259 1812 304 1860 atti
316 1813 355 1888 ter
367 1810 479 1863 &timeto
499 1841 501 1846 >
517 1819 524 1825 ·
650 1820 654 1826 ·

510 1948 653 1964 ψ

61 2045 112 2100 ideo
126 2046 262 2094 Buddeus
274 2049 345 2106 pi&
370 2045 525 2104 Schlegeli
544 2047 593 2094 vil.
613 2045 729 2105 Spalatini
745 2059 769 2106 p.
782 2046 829 2104 tls,
854 2045 911 2100 tist-
930 2044 989 2091 cod.
1002 2043 1057 2092 ἔω.
1073 2053 1110 2102 a.;

336 2121 413 2170 mid.
438 2121 537 2174 sentiet
550 2121 697 2175 utulate
709 2118 833 2170 xxtm

62 2254 104 2309 D.
124 2253 264 2328 Georqio
281 2252 469 2327 Spoletino,
494 2254 578 2310 Viro
595 2252 659 2310 Dei
680 2261 711 2309 et
726 2269 817 2310 servo
835 2251 972 2321 Christi,
993 2266 1050 2308 suo
1073 2242 1124 2304 in¹

351 2362 354 2368 ·
507 2344 659 2400 Domino.

61 2476 175 2577 Gratia
193 2530 221 2577 et
237 2538 305 2595 pax.
339 2523 443 2578 Sermo
461 2522 597 2580 Straussii
615 2525 712 2596 placet
728 2522 795 2594 plus
813 2538 902 2595 quam
926 2528 1007 2575 antea
1025 2518 1109 2576 libel.

58 2609 105 2673 lus
122 2611 273 2680 ejusdem:
291 2629 359 2674 nam
370 2613 512 2681 mitigavit
528 2612 579 2668 hic
596 2615 700 2683 locutu
709 2615 746 2668 de
763 2612 916 2668 solvendis
933 2611 1021 2665 etiam
1038 2626 1108 2664 usu.

58 2700 142 2755 rariis
164 2701 313 2756 censibus.
346 2702 413 2757 Hoc
437 2702 536 2756 solum
558 2703 661 2770 deest,
685 2704 765 2774 quod
789 2717 896 2757 census
913 2701 1107 2756 redemtionis

59 2791 123 2845 sine
142 2791 314 2846 discrimine
331 2792 463 2860 damnat,
480 2808 588 2847 usurae
605 2793 776 2849 universos:
798 2809 866 2848 uam
883 2793 906 2846 ei
924 2792 953 2846 in
971 2791 1108 2847 ordinem
1200 2837 1204 2845 .

57 2882 261 2950 redigerentur
278 2882 360 2946 (licet
377 2883 435 2938 sint
452 2884 562 2955 passim
580 2885 608 2937 in
625 2881 734 2949 abusu)
752 2879 944 2956 inculpabiles
962 2892 1074 2936 essent.

122 2988 302 3043 Bressenius
316 2991 340 3048 1)
358 2990 494 3060 pependit
510 2990 718 3058 120ilorenos,
736 2991 785 3061 qui
803 3005 864 3059 pro.
878 2988 985 3043 debitis
1004 2987 1107 3042 distru-

58 3079 99 3133 cti
117 3093 184 3136 sunt
202 3096 294 3150 paene
312 3080 383 3148 toti,
407 3080 511 3152 reliqui
530 3090 599 3135 sunt
614 3081 674 3151 60,-
687 3097 817 3152 quorum
836 3080 952 3150 triginta
976 3078 1014 3134 illi
1033 3093 1107 3132 con.

58 3166 252 3237 donavimus,
276 3168 316 3222 ob
333 3168 452 3223 nimiam
469 3169 638 3241 querelam,
662 3170 742 3241 quod
765 3185 854 3238 grave
880 3168 906 3222 ei
930 3167 969 3223 sit
985 3183 1040 3238 pro
1059 3169 1108 3220 100

57 3257 186 3326 pendere
202 3257 228 3312 6.
263 3256 408 3332 Quamvis
424 3258 499 3312 haec
525 3259 611 3330 culpa
627 3269 729 3313 nostra
753 3258 879 3324 nonsit,
906 3257 960 3312 sed
985 3272 1105 3323 eorum,

57 3346 108 3416 qui
122 3348 271 3416 praedium
283 3342 354 3403 illud
366 3347 567 3419 perdiderunt,
584 3347 661 3402 unde
673 3357 791 3419 poterat
802 3347 870 3419 plus
887 3363 975 3417 quam
986 3343 1003 3399 6
1014 3346 1106 3415 recipi

56 3452 112 3507 pro
131 3440 194 3504 100,
218 3436 265 3491 vel
284 3438 458 3493 centenariis
477 3438 654 3493 auctioribus
672 3438 777 3504 vendi,
800 3422 896 3491 tamen
915 3445 944 3491 et
961 3438 1025 3509 ipse
1042 3437 1105 3490 sine

57 3525 146 3595 'culpa
164 3526 192 3579 in
210 3524 237 3579 id
256 3527 430 3595 gravaminis
447 3527 542 3583 venit:
566 3527 696 3602 feremus
713 3541 773 3592 nos¹
787 3527 887 3598 potius
905 3525 1026 3598 duplum
1044 3525 1105 3580 hoo

56 3616 214 3681 damnum,
239 3632 327 3685 quarn
350 3616 397 3670 ille
414 3616 561 3686 simplum.
578 3611 610 3681 ²)
643 3615 772 3690 Rogavit
788 3614 914 3686 denique
938 3625 971 3671 ut
994 3616 1104 3688 suppli.

57 3720 157 3759 eorem
173 3703 324 3775 Principii,
348 3714 387 3759 ut
396 3717 539 3777 perpetuo
562 3705 721 3760 donaretur
743 3705 770 3759 ei
785 3707 802 3756 5
818 3722 874 3776 pro
892 3709 940 3759 100
955 3706 1102 3777 pendere,

55 3792 136 3865 quod
154 3808 210 3847 suo
228 3805 362 3864 ternpore
379 3794 531 3850 faciemus.
566 3792 637 3848 Vale
654 3802 683 3847 et
699 3809 751 3848 ora
768 3810 825 3867 pro
842 3809 901 3851 me.

50 3993 54 4004 “
103 4014 124 4059 1)
140 4007 216 4054 seut.
230 4008 401 4080 arcuerunt..
461 4011 575 4085 oscor
589 4010 739 4086 ampucius.
