2574 4724
195 266 255 340 274
673 268 764 339 1522.

196 427 359 501 Quaestori
376 427 486 481 dictum
504 436 558 482 est.
592 425 738 483 Gammae
756 424 786 492 *)
803 441 923 498 quoque
939 424 989 481 vel
1005 423 1171 495 redierunt,
1190 412 1257 482 vel'

193 515 311 584 Lucas,
329 517 380 587 qui
398 515 503 584 habet,
521 517 638 570 reseret.

258 621 303 673 Ad
320 601 566 691 quaestiunculas.
600 622 633 675 ln
651 621 762 675 Christi
778 619 898 673 nomine
915 629 1033 690 petere,
1051 628 1098 674 est
1112 636 1175 675 non
1186 631 1240 691 per

191 727 247 766 nos
265 711 364 782 ipsos,
382 710 434 765 sed
455 727 509 781 per
524 710 677 764 Christum
693 721 726 765 ut
741 711 933 764 mediatorem
949 720 1060 781 petere.
1095 709 1144 764 Sic
1162 711 1240 765 enim

189 799 301 856 Paulus
314 816 434 870 semper
443 809 526 868 urget
541 793 657 867 h’ariri,
675 799 927 872 praesumtionem
940 799 1016 852 enim
1029 799 1124 854 nostri
1141 800 1236 856 meriti

191 889 331 943 excludit.
365 889 484 942 Deinde
500 889 598 942 omnia
617 904 740 958 prorsus
759 888 883 957 petenda
901 896 985 952 sunt,
1003 896 1033 941 et
1050 889 1150 942 omnia
1165 906 1237 944 con.

189 980 352 1045 sedantur,
378 978 492 1032 scilieet
509 979 576 1048 quia
593 978 688 1031 omnis
707 977 807 1046 petitio
824 977 947 1031 includit
963 986 1022 1031 tres
1038 978 1150 1048 primas
1167 978 1237 1050 peti.

187 1069 282 1122 tiones
301 1068 330 1123 in
348 1069 481 1123 oratione
500 1066 657 1120 dominica.
690 1066 762 1120 ideo
786 1083 884 1137 neque
904 1076 1006 1138 petere
1023 1083 1120 1140 neque
1138 1068 1235 1138 largiri

187 1170 249 1222 est,
267 1157 316 1212 ubi
333 1175 458 1225 nomen,
475 1173 618 1226 regnum,
634 1155 769 1210 voluutas
785 1155 844 1210 Dei
862 1174 924 1211 nou
941 1157 1111 1226 praefertur.
1122 1157 1150 1224 ²)
1171 1159 1236 1215 De.

186 1249 253 1302 inde
271 1248 320 1301 ubi
339 1247 461 1300 dubium
477 1254 539 1311 est,
556 1230 630 1298 sitne
644 1261 697 1315 pro
709 1245 848 1315 nomine,
864 1262 974 1315 regno,
991 1246 1142 1301 voluntate
1158 1251 1234 1320 ejus,

185 1338 397 1395 committenda
413 1336 491 1390 illiue
508 1335 667 1405 sapientiae
691 1334 839 1389 exauditio
862 1335 966 1389 nostri.
1002 1334 1162 1391 Caeterum
1183 1339 1234 1395 ubi

182 1441 239 1498 pro
255 1425 395 1491 nomine,
413 1440 523 1493 regno,
542 1423 694 1478 voluntate
711 1423 776 1491 ejus
795 1423 892 1493 primo
909 1433 1026 1490 oratur,
1052 1423 1236 1494 impossibile

185 1526 248 1582 est,
264 1527 297 1571 ut
314 1532 374 1569 non
391 1513 564 1569 exaudiatur
580 1529 635 1584 per
650 1512 801 1568 Christum
825 1513 968 1584 quicquid
986 1513 1102 1584 petitur.

247 1618 318 1675 Noli
336 1637 385 1672 me
401 1628 536 1687 tangere,
552 1614 842 1686 Johannesscribit,
854 1619 896 1683 rr)
914 1620 963 1690 qui
980 1619 1107 1673 libenter
1123 1631 1234 1692 myste-

182 1709 224 1764 ria
243 1719 384 1775 sectatur,
403 1724 473 1761 cunr
489 1707 536 1761 alii
554 1707 683 1773 tetigisse
700 1707 840 1762 scribant.
875 1708 1019 1777 'l'angitur
1033 1707 1131 1763 autem
1147 1709 1235 1766 Chri.

183 1808 246 1854 stus
264 1799 326 1852 sola
342 1798 416 1862 lide,
440 1813 497 1866 qua
514 1797 580 1867 quia
599 1797 729 1850 nondum
748 1806 808 1849 erat
826 1796 934 1850 imbuta
952 1796 1144 1867 Magdalena,
1171 1817 1233 1855 non

181 1891 288 1961 patitur
304 1903 336 1942 se
353 1886 430 1955 tangi
447 1887 475 1940 in
494 1886 610 1955 signum
628 1885 717 1954 hujus
736 1884 969 1941 incredulitatisr
983 1886 1045 1940 hoc
1062 1897 1123 1955 est,
1150 1888 1233 1960 quod

181 1978 245 2048 ipse
263 1978 350 2033 dicit:
370 1976 510 2030 Nondum
527 1976 605 2029 enim
622 1975 760 2038 ascendi,
778 1976 805 2028 id
819 1987 863 2030 est
870 2015 880 2043 ‚
896 1975 972 2031 sicut
982 1977 1114 2032 nondum
1127 1995 1234 2034 ascen.

181 2067 230 2132 di,
253 2068 288 2121 ita
313 2083 369 2120 nec
394 2076 427 2119 tu
449 2065 544 2119 credis
567 2081 615 2118 me
642 2065 696 2118 alia
718 2064 778 2117 vita
799 2065 861 2133 jam
881 2066 999 2132 vivere,
1025 2081 1112 2137 quam
1130 2068 1234 2141 priori.

181 2156 259 2211 Alibi
277 2172 368 2223 vero,
390 2152 632 2225 ubi'mysteriurn
650 2155 678 2208 id
694 2171 754 2208 non
772 2143 879 2223 agitur,
900 2156 1008 2225 patitur
1024 2170 1092 2210 sese
1109 2157 1199 2226 tangi.

246 2263 395 2331 Tempus,
408 2277 467 2330 quo
480 2277 539 2314 uon
551 2260 684 2332 loquitur
695 2261 721 2312 in
735 2259 915 2328 proverbiis,
932 2270 962 2313 et
974 2276 1033 2331 quo
1046 2270 1159 2330 petent,
1171 2261 1230 2330 m)

136 2409 139 2413 ,
182 2359 227 2406 est
241 2363 357 2421 tempus
375 2361 445 2420 post
461 2349 585 2420 Spiritus
603 2350 770 2403 adventum.
805 2349 834 2402 Si
852 2365 978 2420 pcopum
999 2350 1161 2421 observes,
1188 2354 1232 2407 fa.

181 2442 238 2494 cile
256 2453 286 2493 tu
304 2440 367 2510 ipse
384 2441 446 2494 talia
464 2440 553 2492 multa
572 2439 730 2492 dissolves.
763 2437 821 2492 Est
838 2450 934 2493 autem
951 2440 976 2494 is
994 2455 1122 2512 scopus,
1148 2443 1232 2514 quod

180 2529 312 2599 discipuli
330 2539 397 2582 unte
414 2528 583 2599 passionem
600 2538 628 2579 et
639 2536 799 2580 oraverunt
812 2537 841 2580 et
856 2527 1060 2594 crediderunt,
1078 2539 1107 2584 et
1119 2532 1231 2599 omnia,

180 2637 255 2690 quae
274 2629 391 2687 postea,
409 2626 532 2687 egerunt
550 2617 681 2686 experti,
692 2617 723 2683 ²)
741 2617 792 2671 sed
810 2619 1037 2673 resurrectionis
1055 2620 1142 2675 tidem
1156 2640 1231 2677 non.

180 2710 250 2763 dum
259 2705 285 2774 ³)
298 2708 480 2776 habuerunt,
494 2718 523 2760 et
533 2699 562 2772 ²⁸)
577 2708 732 2760 mortalem
744 2707 896 2761 Christum
909 2720 1122 2778 cognoverunt.
1147 2713 1232 2768 Sicut

179 2798 264 2852 vides
283 2798 313 2851 in
328 2813 394 2850 mea
411 2812 499 2850 causa
516 2797 696 2865 contingere.
729 2796 822 2850 Multi
841 2798 1027 2854 crediderunt
1037 2840 1047 2867 ,
1064 2817 1133 2855 cum
1150 2806 1230 2861 solas

181 2887 373 2957 indulgentias
391 2896 564 2951 tractarent,
583 2886 689 2954 ignari,
707 2888 772 2940 fore
791 2898 822 2940 ut
840 2900 995 2958 papatum,
1014 2890 1187 2947 caelibatum
1200 2905 1230 2949 et

182 2978 279 3035 omnia
305 2975 456 3048 sequentia
479 2985 649 3028 tractarem:
675 2975 741 3028 ideo
767 2975 849 3029 multi
872 2977 976 3030 offensi
1001 2990 1066 3031 sunt
1092 2980 1120 3033 in
1138 2993 1229 3037 totam

181 3083 318 3135 causam,
337 3067 445 3138 quibus
463 3065 489 3119 si
506 3064 676 3135 praedicere
693 3057 722 3132 ⁵)
745 3065 907 3135 potuissem
925 3067 1037 3135 futura,
1060 3069 1122 3124 hoc
1140 3073 1229 3128 fecis.

181 3176 264 3224 sem,
289 3157 369 3228 quod
397 3155 533 3210 Christus
555 3154 625 3208 facit
651 3170 706 3207 suo
731 3153 789 3208 isto
810 3165 875 3210 toto
899 3172 1038 3212 sermone
1071 3161 1107 3213 de
1133 3162 1240 3221 futura,

181 3265 285 3303 eorum
303 3248 377 3313 lide,
398 3245 549 3311 oratione,
573 3243 740 3311 cognitione
759 3253 787 3297 et
805 3260 904 3313 opere.
937 3246 987 3299 De
1006 3248 1181 3318 perficienda
1199 3264 1228 3307 et

180 3339 312 3409 perlecta
330 3337 384 3389 lide
402 3346 430 3387 et
449 3332 589 3403 operibus
608 3331 650 3385 eis
667 3323 691 3397 ⁶)
710 3333 854 3402 loquitur,
880 3334 941 3387 hoc
959 3345 1004 3390 est
1022 3354 1080 3392 uon
1099 3339 1136 3393 de
1154 3341 1227 3398 lacto

170 3428 284 3498 .(quod
302 3426 384 3497 prius
401 3421 588 3490 habebant),
606 3422 659 3476 sed
677 3423 713 3476 de
732 3422 828 3476 solido
846 3424 924 3478 cibo.
1144 3430 1149 3434 '

229 3637 250 3681 t)
265 3628 358 3675 Auris.
373 3631 487 3686 praefert.
536 3630 558 3679 2)
572 3616 657 3675 outo.
673 3629 740 3673 Cod.
753 3628 774 3672 J,
790 3640 820 3674 ex
834 3633 910 3685 parto.
959 3632 982 3677 il
1000 3632 1068 3678 Cori.
1082 3635 1104 3679 J.
1120 3649 1176 3682 nnn.

228 3700 250 3751 dl
263 3696 358 3742 Auris.
372 3696 460 3742 Budd.
472 3698 488 3747 i
501 3698 589 3741 tamen.
629 3698 661 3761 Δ5)
673 3695 698 3740 ll.
712 3694 859 3751 praedicare.
909 3698 931 3744 6)
947 3695 1013 3741 Cod.
1028 3699 1091 3743 Jen.
1106 3701 1163 3745 eius.

178 3796 406 3816 Μ

168 3919 172 3927 ¹
229 3869 251 3912 *i
274 3863 470 3914 abituram.
485 3862 658 3915 ulteriorem.
673 3865 743 3915 utra.
769 3863 813 3910 No.
830 3863 980 3912 ccctffl.
996 3867 1173 3917 MCCXCVI.

227 3931 264 3979 ”i
279 3927 338 3980 Soli.
349 3927 407 3983 xx,
422 3928 453 3974 tl.
504 3930 556 3980 n‘l
570 3929 627 3983 Sub·
640 3929 710 3984 XVI,
723 3930 757 3976 25.
